
// stabilizer codes:
@article{Gottesman1996,
  title={Class of quantum error-correcting codes saturating the quantum Hamming bound},
  author={Gottesman, Daniel},
  journal={Physical Review A},
  volume={54},
  number={3},
  pages={1862},
  year={1996},
  publisher={APS}
}

// CSS codes
@article{Calderbank1997,
  title={Quantum error correction and orthogonal geometry},
  author={Calderbank, A Robert and Rains, Eric M and Shor, Peter W and Sloane, Neil JA},
  journal={Physical Review Letters},
  volume={78},
  number={3},
  pages={405},
  year={1997},
  publisher={APS}
}


@article{Poulin2005,
  title = {Stabilizer Formalism for Operator Quantum Error Correction},
  author = {Poulin, David},
  journal = {Phys. Rev. Lett.},
  volume = {95},
  issue = {23},
  pages = {230504},
  numpages = {4},
  year = {2005},
  month = {Dec},
  publisher = {American Physical Society},
  doi = {10.1103/PhysRevLett.95.230504},
  url = {http://link.aps.org/doi/10.1103/PhysRevLett.95.230504}
}


@article{Bacon2006,
  title = {Operator quantum error-correcting subsystems for self-correcting quantum memories},
  author = {Bacon, Dave},
  journal = {Phys. Rev. A},
  volume = {73},
  issue = {1},
  pages = {012340},
  numpages = {13},
  year = {2006},
  month = {Jan},
  publisher = {American Physical Society},
  doi = {10.1103/PhysRevA.73.012340},
  url = {http://link.aps.org/doi/10.1103/PhysRevA.73.012340}
}


@article{Bacon2006quantum,
  title={Quantum error correcting subsystem codes from two classical linear codes},
  author={Bacon, Dave and Casaccino, Andrea},
  journal={arXiv preprint quant-ph/0610088},
  year={2006}
}


@article{Bombin2009,
  title={Interacting anyonic fermions in a two-body color code model},
  author={Bombin, H and Kargarian, M and Martin-Delgado, MA},
  journal={Physical Review B},
  volume={80},
  number={7},
  pages={075111},
  year={2009},
  publisher={APS}
}
    
@article{Kargarian2010,
  author={M Kargarian and H Bombin and M A Martin-Delgado},
  title={Topological color codes and two-body quantum lattice Hamiltonians},
  journal={New Journal of Physics},
  volume={12},
  number={2},
  pages={025018},
  url={http://stacks.iop.org/1367-2630/12/i=2/a=025018},
  year={2010},
}

@article{Bombin2010,
  title={Topological subsystem codes},
  author={Bombin, H},
  journal={Physical Review A},
  volume={81},
  number={3},
  pages={032301},
  year={2010},
  publisher={APS}
}

@article{Bombin2014,
  title={Structure of 2d topological stabilizer codes},
  author={Bomb{\'\i}n, H{\'e}ctor},
  journal={Communications in Mathematical Physics},
  volume={327},
  number={2},
  pages={387--432},
  year={2014},
  publisher={Springer}
}

@article{Bombin2015,
  title={Gauge color codes: optimal transversal gates and gauge fixing in topological stabilizer codes},
  author={Bomb{\'\i}n, H{\'e}ctor},
  journal={New Journal of Physics},
  volume={17},
  number={8},
  pages={083002},
  year={2015},
  publisher={IOP Publishing}
}

@article{Bombin2015single,
  title={Single-shot fault-tolerant quantum error correction},
  author={Bomb{\'\i}n, H{\'e}ctor},
  journal={Physical Review X},
  volume={5},
  number={3},
  pages={031043},
  year={2015},
  publisher={APS}
}

@article{Kubica2015,
  title={Unfolding the color code},
  author={Kubica, Aleksander and Yoshida, Beni and Pastawski, Fernando},
  journal={New Journal of Physics},
  volume={17},
  number={8},
  pages={083026},
  year={2015},
  publisher={IOP Publishing}
}

@article{Bravyi2011,
  title = {Subsystem codes with spatially local generators},
  author = {Bravyi, Sergey},
  journal = {Phys. Rev. A},
  volume = {83},
  issue = {1},
  pages = {012320},
  numpages = {9},
  year = {2011},
  month = {Jan},
  publisher = {American Physical Society},
  doi = {10.1103/PhysRevA.83.012320},
  url = {http://link.aps.org/doi/10.1103/PhysRevA.83.012320}
}

@article{Suchara2011,
  title={Constructions and noise threshold of topological subsystem codes},
  author={Suchara, Martin and Bravyi, Sergey and Terhal, Barbara},
  journal={Journal of Physics A: Mathematical and Theoretical},
  volume={44},
  number={15},
  pages={155301},
  year={2011},
  publisher={IOP Publishing}
}

// Stat-mech model for topological subsystem code \cite{Bombin2010}
@article{Andrist2012,
  title={Optimal error correction in topological subsystem codes},
  author={Andrist, Ruben S and Bombin, H and Katzgraber, Helmut G and Martin-Delgado, MA},
  journal={Physical Review A},
  volume={85},
  number={5},
  pages={050302},
  year={2012},
  publisher={APS}
}

// non-constructive proof of existence...
@article{Bravyi2011subsystem,
  title={Subsystem codes with spatially local generators},
  author={Bravyi, Sergey},
  journal={Physical Review A},
  volume={83},
  number={1},
  pages={012320},
  year={2011},
  publisher={APS}
}

// 3-local check operator  Subsystem version of the surface code
@article{Bravyi2012subsystem,
  title={Subsystem surface codes with three-qubit check operators},
  author={Bravyi, Sergey and Duclos-Cianci, Guillaume and Poulin, David and Suchara, Martin},
  journal={arXiv preprint arXiv:1207.1443},
  year={2012}
}

// a cleaning lemma for subsystem codes, overlap with \cite{Bravyi2011subsystem}
@article{Haah2012logical,
  title={Logical-operator tradeoff for local quantum codes},
  author={Haah, Jeongwan and Preskill, John},
  journal={Physical Review A},
  volume={86},
  number={3},
  pages={032308},
  year={2012},
  publisher={APS}
}


// interesting! generalized to subsystem codes in \cite{Haah2012logical}... what about general TQFT ?
// do not cite.
@article{Yoshida2010framework,
  title={Framework for classifying logical operators in stabilizer codes},
  author={Yoshida, Beni and Chuang, Isaac L},
  journal={Physical Review A},
  volume={81},
  number={5},
  pages={052302},
  year={2010},
  publisher={APS}
}

// claims that frustrated hamiltonians from subsystem codes (eg Bacon) 
// cannot have a gap... !
@article{Yoshida2011feasibility,
  title={Feasibility of self-correcting quantum memory and thermal stability of topological order},
  author={Yoshida, Beni},
  journal={Annals of Physics},
  volume={326},
  number={10},
  pages={2566--2633},
  year={2011},
  publisher={Elsevier}
}

// discusses subsystem code hamiltonians
@article{Brown2016,
  title = {Quantum memories at finite temperature},
  author = {Brown, Benjamin J. and Loss, Daniel and Pachos, Jiannis K. and Self, Chris N. and Wootton, James R.},
  journal = {Rev. Mod. Phys.},
  volume = {88},
  issue = {4},
  pages = {045005},
  numpages = {51},
  year = {2016},
  month = {Nov},
  publisher = {American Physical Society},
  doi = {10.1103/RevModPhys.88.045005},
  url = {http://link.aps.org/doi/10.1103/RevModPhys.88.045005}
}


// very little is known about perturbation effect on ground state degeneracy
// in subsystem hamiltonians etc.
@article{Terhal2015,
  title={Quantum error correction for quantum memories},
  author={Terhal, Barbara M},
  journal={Reviews of Modern Physics},
  volume={87},
  number={2},
  pages={307},
  year={2015},
  publisher={APS}
}



// ---------- Outlook and further work:

@article{Van2011,
  title={A monomial matrix formalism to describe quantum many-body states},
  author={Van den Nest, Maarten},
  journal={New Journal of Physics},
  volume={13},
  number={12},
  pages={123004},
  year={2011},
  publisher={IOP Publishing}
}

@article{Ni2015,
  title={A non-commuting stabilizer formalism},
  author={Ni, Xiaotong and Buerschaper, Oliver and Van den Nest, Maarten},
  journal={Journal of Mathematical Physics},
  volume={56},
  number={5},
  pages={052201},
  year={2015},
  publisher={AIP Publishing}
}

// locally commuting projector codes
@article{Bravyi2010tradeoffs,
  title={Tradeoffs for reliable quantum information storage in 2D systems},
  author={Bravyi, Sergey and Poulin, David and Terhal, Barbara},
  journal={Physical review letters},
  volume={104},
  number={5},
  pages={050503},
  year={2010},
  publisher={APS}
}




// keep digging!

// -------------------------------------------------- //

@article{Kitaev2006,
    title = "Anyons in an exactly solved model and beyond ",
    journal = "Annals of Physics ",
    volume = "321",
    number = "1",
    pages = "2 - 111",
    year = "2006",
    note = "January Special Issue ",
    issn = "0003-4916",
    doi = "http://dx.doi.org/10.1016/j.aop.2005.10.005",
    url = "http://www.sciencedirect.com/science/article/pii/S0003491605002381",
    author = "Alexei Kitaev"
}

@misc{Kaski2002,
Author = {Petteri Kaski},
Title = {Eigenvectors and Spectra of Cayley Graphs},
Year = {2002},
Howpublished={\url{http://www.tcs.hut.fi/Studies/T-79.300/2002S/esitelmat/kaski_paper_020506.pdf}}
}

@article{Diaconis1981,
  author={Diaconis, Persi and Shahshahani, Mehrdad},
  title={Generating a random permutation with random transpositions},
  journal={Zeitschrift f{\"u}r Wahrscheinlichkeitstheorie und Verwandte Gebiet},
  volume={57},
  number={2},
  pages={159--179},
  year={1981},
  publisher={Springer}
}


@article{Friedland2002,
  title={On Cheeger-type inequalities for weighted graphs},
  author={Friedland, Shmuel and Nabben, Reinhard},
  journal={Journal of Graph Theory},
  volume={41},
  number={1},
  pages={1--17},
  year={2002},
  publisher={Wiley Online Library}
}

@article{Jarret2015,
title={Adiabatic optimization without local minima},
author={Michael Jarret and Stephen P. Jordan},
journal={Quantum Information and Computation},
volume={15},
number={3/4},
pages={181--199},
year={2015},
publisher={Rinton Press}
}

@misc{AlShimary2010,
Author = {Abbas Al-Shimary and Jiannis K. Pachos},
Title = {{E}nergy gaps of {H}amiltonians from graph {L}aplacians},
Year = {2010},
Abstract = {The Cheeger inequalities give an upper and lower bound on the spectral gap of discrete Laplacians defined on a graph in terms of the geometric characteristics of the graph. We generalise this approach and we employ it to determine if a given discrete Hamiltonian with non-positive elements is gapped or not in the thermodynamic limit. First, we define the graph that corresponds to such a generic Hamiltonian. Then we present a suitable generalisation of the Cheeger inequalities that overcomes scaling deficiencies of the original version. By employing simple examples we illustrate how the generalised Cheeger inequalities can successfully identify gapped or gapless phases and we comment on the computational complexity of this approach.},
Comments = {4+2 pages, 5 figures, including mathematical supplement, Ising model presentation clarified},
Eprint = {arXiv:1010.4130},
Url = {http://arxiv.org/abs/1010.4130},
Howpublished = {\url{http://arxiv.org/abs/1010.4130}},
}

@article{Brzezicki2013,
  title = {Symmetry properties and spectra of the two-dimensional quantum compass model},
  author = {Brzezicki, Wojciech and Ole\ifmmode \acute{s}\else \'{s}\fi{}, Andrzej M.},
  journal = {Phys. Rev. B},
  volume = {87},
  issue = {21},
  pages = {214421},
  numpages = {13},
  year = {2013},
  month = {Jun},
  publisher = {American Physical Society},
  doi = {10.1103/PhysRevB.87.214421},
  url = {http://link.aps.org/doi/10.1103/PhysRevB.87.214421}
}


@misc{GAP4,
key          = "GAP",
organization = "The GAP~Group",
title        = "{GAP -- Groups, Algorithms, and Programming,
                    Version 4.7.7}",
year         = 2015,
url          = "\verb+(http://www.gap-system.org)+",
Howpublished = {\url{http://www.gap-system.org}},
}


@article{Kells2009,
  title = {Description of Kitaev's honeycomb model with toric-code stabilizers},
  author = {Kells, G. and Slingerland, J. K. and Vala, J.},
  journal = {Phys. Rev. B},
  volume = {80},
  issue = {12},
  pages = {125415},
  numpages = {10},
  year = {2009},
  month = {Sep},
  publisher = {American Physical Society},
  doi = {10.1103/PhysRevB.80.125415},
  url = {http://link.aps.org/doi/10.1103/PhysRevB.80.125415}
}


@misc{Gottesman1997,
author = {Daniel Gottesman},
title = {{S}tabilizer {C}odes and {Q}uantum {E}rror {C}orrection},
year = {1997},
abstract = {Controlling operational errors and decoherence is one of the major challenges facing the field of quantum computation and other attempts to create specified many-particle entangled states. The field of quantum error correction has developed to meet this challenge. A group-theoretical structure and associated subclass of quantum codes, the stabilizer codes, has proved particularly fruitful in producing codes and in understanding the structure of both specific codes and classes of codes. I will give an overview of the field of quantum error correction and the formalism of stabilizer codes. In the context of stabilizer codes, I will discuss a number of known codes, the capacity of a quantum channel, bounds on quantum codes, and fault-tolerant quantum computation.},
comments = {114 pages, LaTeX. Caltech Ph.D. Thesis},
eprint = {arXiv:quant-ph/9705052},
url = {http://arxiv.org/abs/quant-ph/9705052},
}



@misc{Dennis2001,
Author = {Eric Dennis and Alexei Kitaev and Andrew Landahl and John Preskill},
Title = {Topological quantum memory},
Year = {2001},
Eprint = {arXiv:quant-ph/0110143},
Howpublished = {J. Math. Phys. 43, 4452-4505 (2002).},
Doi = {10.1063/1.1499754},
}

@misc{Freedman13,
Author = {M. H. Freedman and M. B. Hastings},
Title = {Quantum Systems on Non-$k$-Hyperfinite Complexes: A Generalization of Classical Statistical Mechanics on Expander Graphs},
Year = {2013},
Eprint = {arXiv:1301.1363},
}

@misc{Freedman02,
Author = {Michael H. Freedman and David A. Meyer and Feng Luo},
Year = {2002}, 
Title = {$\mathbb{Z}_2$-systolic freedom and quantum codes},
XXXSeries={Mathematics of quantum computation},
XXXJournal={Comput. Math. Ser.},
XXXWherepublished={Boca Raton, FL},
XXXPublisher={Chapman \& Hall/CRC},
XXXPages = {287-320},
}

@misc{Tillich09,
Author = {Jean-Pierre Tillich and Gilles Zemor},
Title = {Quantum LDPC codes with positive rate and minimum distance proportional to $n^{1/2}$},
Year = {2009},
Eprint = {arXiv:0903.0566},
}

@misc{Michnicki12,
Author = {Kamil Michnicki},
Title = {3-d quantum stabilizer codes with a power law energy barrier},
Year = {2012},
Eprint = {arXiv:1208.3496},
}

@book{Massey,
Author = {William S. Massey},
Title = {A Basic Course in Algebraic Topology},
}


@book{Kassel10,
  title={Braid Groups},
  author={Kassel, C. and Dodane, O. and Turaev, V.},
  isbn={9781441922205},
  series={Graduate Texts in Mathematics},
  url={http://books.google.com.au/books?id=G3WlcQAACAAJ},
  year={2010},
  publisher={Springer New York}
}


@misc{Baez09,
Author = {John C. Baez and Mike Stay},
Title = {Physics, Topology, Logic and Computation: A Rosetta Stone},
Year = {2009},
Eprint = {arXiv:0903.0340},
Howpublished = {Physics, topology, logic and comp In New Structures for Physics,
  ed. Bob Coecke, Lecture Notes in Physics vol. 813, Springer, Berlin, 2011,
  pp. 95-174},
}



@book{Dehornoy02,
  title={Why are braids orderable?},
  author={Dehornoy, P.},
  isbn={9782856291351},
  lccn={2003380656},
  series={Panoramas et synth{\`e}ses - Soci{\'e}t{\'e} math{\'e}matique de France},
  url={http://books.google.com.au/books?id=MuDuAAAAMAAJ},
  year={2002},
  publisher={Soci{\'e}t{\'e} Math{\'e}matique de France}
}

@article{Pfeifer12,
  title = {Translation invariance, topology, and protection of criticality in chains of interacting anyons},
  author = {Pfeifer, Robert N. C. and Buerschaper, Oliver and Trebst, Simon and Ludwig, Andreas W. W. and Troyer, Matthias and Vidal, Guifre},
  journal = {Phys. Rev. B},
  volume = {86},
  issue = {15},
  pages = {155111},
  numpages = {28},
  year = {2012},
  publisher = {American Physical Society},
  doi = {10.1103/PhysRevB.86.155111},
  url = {http://link.aps.org/doi/10.1103/PhysRevB.86.155111}
}

@article{Pfeifer14,
Author = {Robert N. C. Pfeifer},
Title = {{M}easures of entanglement in non-{A}belian anyonic systems},
Year = {2014},
Eprint = {arXiv:1310.0373},
Url = {http://arxiv.org/abs/1310.0373},
Doi = {10.1103/PhysRevB.89.035105},
Howpublished = {Phys. Rev. B 89, 035105 (2014)},
volume = {89},
pages = {035105},
journal = {Phys. Rev. B},
}



@incollection{Baez11,
author = "John C. Baez and Aaron D. Lauda",
editor = "Hans Halvorson",
title = {A Prehistory of n-Categorical Physics}, 
booktitle = {Deep Beauty}, 
publisher = {Cambridge University Press}, 
year = {2011},
pages = {13--128},
isbn = {9780511976971}, 
note = {Cambridge Books Online}, 
url ={http://dx.doi.org/10.1017/CBO9780511976971.003}
}


@incollection{Ivanov01,
  booktitle={Handbook of Geometric Topology},
  title={Mapping Class Groups},
  author={Nikolai V. Ivanov},
  editor={Sher, R.B. and Daverman, R.J.},
  isbn={9780080532851},
  url={http://books.google.com.au/books?id=8OYxdADnhZoC},
  year={2001},
  publisher={Elsevier Science},
  pages = {523--633}
}


@incollection{Abramsky08,
  title={Temperley-Lieb algebra: from knot theory to logic and computation via quantum mechanics},
  author={Abramsky, Samson},
booktitle={Mathematics of Quantum Computing and Technology},
editor={G. Chen, L. Kauffman and S. Lomonaco},
publisher={Taylor \& Francis},
pages={415--458},
year={2007}
}

@article{abramsky2009temperley,
  title={Temperley-Lieb algebra: from knot theory to logic and computation via quantum mechanics},
  author={Abramsky, Samson},
  journal={arXiv preprint arXiv:0910.2737},
  year={2009}
}


@book{Abramsky07,
  title={Temperley-Lieb algebra: from knot theory to logic and computation via quantum mechanics},
  author={Abramsky, Samson},
  booktitle={Mathematics of Quantum Computation and Quantum Technology},
  editor={Kauffman, L. and Lomonaco, S.J.},
  isbn={9781584889007},
  lccn={2007024955},
  series={Chapman \& Hall/CRC Applied Mathematics \& Nonlinear Science},
  url={http://books.google.com.au/books?id=kd8R\_Y10U3oC},
  year={2007},
  publisher={Taylor \& Francis},
  pages={415--458}
}

@article{Bazant00,
  title = {Largest cluster in subcritical percolation},
  author = {Bazant, Martin Z.},
  journal = {Phys. Rev. E},
  volume = {62},
  issue = {2},
  pages = {1660--1669},
  numpages = {0},
  year = {2000},
  month = {Aug},
  publisher = {American Physical Society},
  doi = {10.1103/PhysRevE.62.1660},
  url = {http://link.aps.org/doi/10.1103/PhysRevE.62.1660}
}

@article{Bravyi13,
  title = {Quantum Self-Correction in the 3D Cubic Code Model},
  author = {Bravyi, Sergey and Haah, Jeongwan},
  journal = {Phys. Rev. Lett.},
  volume = {111},
  issue = {20},
  pages = {200501},
  numpages = {5},
  year = {2013},
  month = {Nov},
  publisher = {American Physical Society},
  doi = {10.1103/PhysRevLett.111.200501},
  url = {http://link.aps.org/doi/10.1103/PhysRevLett.111.200501}
}


@article{Brell13,
Author = {Courtney G. Brell and Simon Burton and Guillaume Dauphinais and Steven T. Flammia and David Poulin},
Title = {{T}hermalization, {E}rror-{C}orrection, and {M}emory {L}ifetime for {I}sing {A}nyon {S}ystems},
Year = {2013},
Eprint = {arXiv:1311.0019},
Url = {http://arxiv.org/abs/1311.0019},
}


@article{Beverland14,
    Author = {Michael E. Beverland and Robert König and Fernando Pastawski and John Preskill and Sumit Sijher},
    Title = {{P}rotected gates for topological quantum field theories},
    Year = {2014},
    Eprint = {arXiv:1409.3898},
    Url = {http://arxiv.org/abs/1409.3898},
}


@article{Freedman2002,
    year={2002},
    issn={0010-3616},
    journal={Communications in Mathematical Physics},
    volume={227},
    number={3},
    doi={10.1007/s002200200645},
    title={A Modular Functor Which is Universal for Quantum Computation},
    url={http://dx.doi.org/10.1007/s002200200645},
    publisher={Springer-Verlag},
    author={Freedman, Michael H. and Larsen, Michael and Wang, Zhenghan},
    pages={605-622},
    language={English}
}

@article{Bombin2006homological,
Author = {H. Bombin and M. A. Martin-Delgado},
Title = {Homological Error Correction: Classical and Quantum Codes},
Year = {2006},
Eprint = {arXiv:quant-ph/0605094},
Howpublished = {J.Math.Phys.48:052105,2007},
Doi = {10.1063/1.2731356},
}




@book{Baez2010,
  title={Physics, topology, logic and computation: a Rosetta Stone},
  author={Baez, John and Stay, Mike},
  year={2010},
  publisher={Springer}
}


@article{Kitaev2006topo,
  title={Topological entanglement entropy},
  author={Kitaev, Alexei and Preskill, John},
  journal={Physical review letters},
  volume={96},
  number={11},
  pages={110404},
  year={2006},
  publisher={APS}
}

@article{Bartlett2015,
  title={Modular categories as representations of the 3-dimensional bordism 2-category},
  author={Bartlett, Bruce and Douglas, Christopher L and Schommer-Pries, Christopher J and Vicary, Jamie},
  journal={arXiv preprint arXiv:1509.06811},
  year={2015}
}

@article{Freedman2002simulation,
  title={Simulation of Topological Field Theories by Quantum Computers},
  author={Freedman, Michael H and Kitaev, Alexei and Wang, Zhenghan},
  journal={Communications in Mathematical Physics},
  volume={227},
  number={3},
  pages={587--603},
  year={2002},
  publisher={Springer}
}

@article{Walker1991,
  title={On Witten’s 3-manifold invariants},
  author={Walker, Kevin},
  journal={preprint},
  year={1991}
}

@book{Turaev1994,
  title={Quantum invariants of knots and 3-manifolds},
  author={Turaev, Vladimir G},
  volume={18},
  year={1994},
  publisher={Walter de Gruyter}
}

@unpublished{Jones2015,
    title={Block spins, subfactors, Thompson groups and knots},
    author={Vaughan Jones},
    year={2015},
    note={Talk presented at Symmetry and Topology in Quantum Matter},
    URL={http://www.ipam.ucla.edu/programs/workshops/symmetry-and-topology-in-quantum-matter/?tab=schedule}
}

@article{Tillmann1998,
  title={S-structures for k-linear categories and the definition of a modular functor},
  author={Tillmann, Ulrike},
  journal={Journal of the London Mathematical Society},
  volume={58},
  number={1},
  pages={208--228},
  year={1998},
  publisher={Oxford University Press}
}

@article{Bakalov2000,
  title={On the lego-Teichm{\"u}ller game},
  author={Bakalov, Bojko and Kirillov Jr, ALEXANDER},
  journal={Transformation groups},
  volume={5},
  number={3},
  pages={207--244},
  year={2000},
  publisher={Springer}
}

@book{Bakalov2001,
  title={Lectures on tensor categories and modular functors},
  author={Bakalov, Bojko and Kirillov, Alexander A},
  volume={21},
  year={2001},
  publisher={American Mathematical Society Providence}
}

@article{Jones1999,
  title={Planar algebras, I},
  author={Jones, Vaughan FR},
  journal={arXiv preprint math/9909027},
  year={1999}
}

@article{Beverland2014,
  title={Protected gates for topological quantum field theories},
  author={Beverland, Michael E and K{\"o}nig, Robert and Pastawski, Fernando and Preskill, John and Sijher, Sumit},
  journal={arXiv preprint arXiv:1409.3898},
  year={2014}
}

@book{Dehornoy2002,
  title={Why are braids orderable?},
  author={Dehornoy, P.},
  isbn={9782856291351},
  lccn={2003380656},
  series={Panoramas et synth{\`e}ses - Soci{\'e}t{\'e} math{\'e}matique de France},
  url={http://books.google.com.au/books?id=MuDuAAAAMAAJ},
  year={2002},
  publisher={Soci{\'e}t{\'e} Math{\'e}matique de France}
}

@article{Hutter2015continuous,
  Archiveprefix = {arXiv},
  title={Continuous error correction for Ising anyons},
  author={Hutter, Adrian and Wootton, James R},
  Eprint = {1508.04033},
  year={2015}
}

@article{Wootton2015b,
	Archiveprefix = {arXiv},
	Author = {Wootton, James R. and Hutter, Adrian},
	Eprint = {1506.00524},
	Title = {Active error correction for Abelian and non-Abelian anyons},
	Year = {2015}}

@article{Pfeifer2014,
	Archiveprefix = {arXiv},
	Eprint = {1310.0373},
  title = {Measures of entanglement in non-Abelian anyonic systems},
  author = {Pfeifer, Robert N. C.},
  journal = {Phys. Rev. B},
  volume = {89},
  issue = {3},
  pages = {035105},
  numpages = {8},
  year = {2014},
  month = {Jan},
  publisher = {American Physical Society},
  doi = {10.1103/PhysRevB.89.035105},
  url = {http://link.aps.org/doi/10.1103/PhysRevB.89.035105}}


@book{Hastie2009,
	Author = {Hastie, Trevor and Tibshirani, Robert and Friedman, Jerome},
	Date-Modified = {2015-05-31 20:12:21 +0000},
	Publisher = {Springer},
	Title = {The elements of statistical learning},
	Year = {2009}}

@article{Singh2014,
	Author = {Singh, Sukhwinder and Pfeifer, Robert N. C. and Vidal, Guifre and Brennen, Gavin K.},
	Doi = {10.1103/PhysRevB.89.075112},
	Issue = {7},
	Journal = {Phys. Rev. B},
	Month = {Feb},
	Numpages = {16},
	Pages = {075112},
	Publisher = {American Physical Society},
	Title = {Matrix product states for anyonic systems and efficient simulation of dynamics},
	Url = {http://link.aps.org/doi/10.1103/PhysRevB.89.075112},
	Volume = {89},
	Year = {2014},
	Bdsk-Url-1 = {http://link.aps.org/doi/10.1103/PhysRevB.89.075112},
	Bdsk-Url-2 = {http://dx.doi.org/10.1103/PhysRevB.89.075112}}

@article{Hastings2014,
	Archiveprefix = {arXiv},
	Author = {Hastings, Matthew B. and Watson, Grant H. and Melko, Roger G.},
	Doi = {10.1103/PhysRevLett.112.070501},
	Eprint = {1309.2680},
	Issue = {7},
	Journal = {Phys. Rev. Lett.},
	Month = {Feb},
	Numpages = {5},
	Pages = {070501},
	Publisher = {American Physical Society},
	Title = {Self-Correcting Quantum Memories Beyond the Percolation Threshold},
	Url = {http://link.aps.org/doi/10.1103/PhysRevLett.112.070501},
	Volume = {112},
	Year = {2014},
	Bdsk-Url-1 = {http://link.aps.org/doi/10.1103/PhysRevLett.112.070501},
	Bdsk-Url-2 = {http://dx.doi.org/10.1103/PhysRevLett.112.070501}}

@article{Andrist2015,
	Archiveprefix = {arXiv},
	Author = {Andrist, Ruben S. and Wootton, James R. and Katzgraber, Helmut G.},
	Date-Added = {2015-05-06 09:07:40 +0000},
	Date-Modified = {2015-05-06 09:07:41 +0000},
	Doi = {10.1103/PhysRevA.91.042331},
	Eprint = {1406.5974},
	Issue = {4},
	Journal = {Phys. Rev. A},
	Month = {Apr},
	Numpages = {7},
	Pages = {042331},
	Publisher = {American Physical Society},
	Title = {Error thresholds for Abelian quantum double models: Increasing the bit-flip stability of topological quantum memory},
	Url = {http://link.aps.org/doi/10.1103/PhysRevA.91.042331},
	Volume = {91},
	Year = {2015},
	Bdsk-Url-1 = {http://link.aps.org/doi/10.1103/PhysRevA.91.042331},
	Bdsk-Url-2 = {http://dx.doi.org/10.1103/PhysRevA.91.042331}}

@article{Hutter2014a,
	Archiveprefix = {arXiv},
	Author = {Hutter, Adrian and Wootton, James R. and Loss, Daniel},
	Date-Added = {2015-05-06 09:05:46 +0000},
	Date-Modified = {2015-05-06 09:05:47 +0000},
	Doi = {10.1103/PhysRevA.89.022326},
	Eprint = {1302.2669},
	Issue = {2},
	Journal = {Phys. Rev. A},
	Month = {Feb},
	Numpages = {10},
	Pages = {022326},
	Publisher = {American Physical Society},
	Title = {Efficient Markov chain Monte Carlo algorithm for the surface code},
	Url = {http://link.aps.org/doi/10.1103/PhysRevA.89.022326},
	Volume = {89},
	Year = {2014},
	Bdsk-Url-1 = {http://link.aps.org/doi/10.1103/PhysRevA.89.022326},
	Bdsk-Url-2 = {http://dx.doi.org/10.1103/PhysRevA.89.022326}}

@article{Bombin2012,
	Archiveprefix = {arXiv},
	Abstract = {Topological phases can be defined in terms of local equivalence: two systems are in the same topological phase if it is possible to transform one into the other by a local reorganization of its degrees of freedom. The classification of topological phases therefore amounts to the classification of long-range entanglement. Such local transformation could result, for instance, from the adiabatic continuation of one system's Hamiltonian to the other. Here, we use this definition to study the topological phase of translationally invariant stabilizer codes in two spatial dimensions, and show that they all belong to one universal phase. We do this by constructing an explicit mapping from any such code to a number of copies of Kitaev's code. Some of our results extend to some two-dimensional (2D) subsystem codes, including topological subsystem codes. Error correction benefits from the corresponding local mappings. In particular, it enables us to use decoding algorithm developed for Kitaev's code to decode any 2D stabilizer code and subsystem code.},
	Author = {H Bombin and Guillaume Duclos-Cianci and David Poulin},
	Date-Added = {2015-05-06 09:05:01 +0000},
	Date-Modified = {2015-05-06 09:05:02 +0000},
	Eprint = {1103.4606},
	Journal = {New J. Phys.},
	Number = {7},
	Pages = {073048},
	Title = {Universal topological phase of two-dimensional stabilizer codes},
	Url = {http://stacks.iop.org/1367-2630/14/i=7/a=073048},
	Volume = {14},
	Year = {2012},
	Bdsk-Url-1 = {http://stacks.iop.org/1367-2630/14/i=7/a=073048}}

@article{Bravyi2014,
	Archiveprefix = {arXiv},
	Author = {Bravyi, Sergey and Suchara, Martin and Vargo, Alexander},
	Date-Added = {2015-05-06 09:03:53 +0000},
	Date-Modified = {2015-05-06 09:03:53 +0000},
	Doi = {10.1103/PhysRevA.90.032326},
	Eprint = {1405.4883},
	Issue = {3},
	Journal = {Phys. Rev. A},
	Month = {Sep},
	Numpages = {15},
	Pages = {032326},
	Title = {Efficient algorithms for maximum likelihood decoding in the surface code},
	Volume = {90},
	Year = {2014},
	Bdsk-File-1 = {YnBsaXN0MDDUAQIDBAUGJCVYJHZlcnNpb25YJG9iamVjdHNZJGFyY2hpdmVyVCR0b3ASAAGGoKgHCBMUFRYaIVUkbnVsbNMJCgsMDxJXTlMua2V5c1pOUy5vYmplY3RzViRjbGFzc6INDoACgAOiEBGABIAFgAdccmVsYXRpdmVQYXRoWWFsaWFzRGF0YV8QYC4uL1BhcGVycy9FZmZpY2llbnQgYWxnb3JpdGhtcyBmb3IgbWF4aW11bSBsaWtlbGlob29kIGRlY29kaW5nOyBCcmF2eWksIFN1Y2hhcmEsIFZhcmdvOyAyMDE0LnBkZtIXCxgZV05TLmRhdGFPEQJoAAAAAAJoAAIAAAdFdXJla2EhAAAAAAAAAAAAAAAAAAAAAAAAAADQnh2NSCsAAAAcw4sfRWZmaWNpZW50IGFsZ29yaXRobXMjQUE4MkNBLnBkZgAAAAAAAAAAAAAAAAAAAAAAAAAAAAAAAAAAAAAAAAAAAKqCytEwiZsAAAAAAAAAAAABAAIAAAkgAAAAAAAAAAAAAAAAAAAABlBhcGVycwAQAAgAANCdgt0AAAARAAgAANEv7usAAAABABAAHMOLABx0owAcCBAAHAf8AAIASUV1cmVrYSE6VXNlcnM6AHNmbGFtbWlhOgBEcm9wYm94OgBQYXBlcnM6AEVmZmljaWVudCBhbGdvcml0aG1zI0FBODJDQS5wZGYAAA4ArgBWAEUAZgBmAGkAYwBpAGUAbgB0ACAAYQBsAGcAbwByAGkAdABoAG0AcwAgAGYAbwByACAAbQBhAHgAaQBtAHUAbQAgAGwAaQBrAGUAbABpAGgAbwBvAGQAIABkAGUAYwBvAGQAaQBuAGcAOwAgAEIAcgBhAHYAeQBpACwAIABTAHUAYwBoAGEAcgBhACwAIABWAGEAcgBnAG8AOwAgADIAMAAxADQALgBwAGQAZgAPABAABwBFAHUAcgBlAGsAYQAhABIAdFVzZXJzL3NmbGFtbWlhL0Ryb3Bib3gvUGFwZXJzL0VmZmljaWVudCBhbGdvcml0aG1zIGZvciBtYXhpbXVtIGxpa2VsaWhvb2QgZGVjb2Rpbmc7IEJyYXZ5aSwgU3VjaGFyYSwgVmFyZ287IDIwMTQucGRmABMAAS8AABUAAgAP//8AAIAG0hscHR5aJGNsYXNzbmFtZVgkY2xhc3Nlc11OU011dGFibGVEYXRhox0fIFZOU0RhdGFYTlNPYmplY3TSGxwiI1xOU0RpY3Rpb25hcnmiIiBfEA9OU0tleWVkQXJjaGl2ZXLRJidUcm9vdIABAAgAEQAaACMALQAyADcAQABGAE0AVQBgAGcAagBsAG4AcQBzAHUAdwCEAI4A8QD2AP4DagNsA3EDfAOFA5MDlwOeA6cDrAO5A7wDzgPRA9YAAAAAAAACAQAAAAAAAAAoAAAAAAAAAAAAAAAAAAAD2A==},
	Bdsk-Url-1 = {http://dx.doi.org/10.1103/PhysRevA.90.032326}}

@article{Wootton2015,
	Archiveprefix = {arXiv},
	Author = {Wootton, James R.},
	Date-Added = {2015-05-06 09:02:43 +0000},
	Date-Modified = {2015-05-06 09:02:43 +0000},
	Doi = {10.3390/e17041946},
	Eprint = {1310.2393},
	Journal = {Entropy},
	Month = {apr},
	Number = {4},
	Pages = {1946--1957},
	Title = {A Simple Decoder for Topological Codes},
	Volume = {17},
	Year = {2015},
	Bdsk-Url-1 = {http://dx.doi.org/10.3390/e17041946}}

@article{Watson2014,
	Archiveprefix = {arXiv},
	Author = {Watson, Fern H.~E. and Anwar, Hussain and Browne, Dan E.},
	Date-Added = {2015-05-06 08:58:45 +0000},
	Date-Modified = {2015-05-06 08:58:46 +0000},
	Eprint = {1411.3028},
	Title = {{A} fast fault-tolerant decoder for qubit and qudit surface codes},
	Year = {2014}}

@article{Fowler2015,
	Archiveprefix = {arXiv},
	Author = {Fowler, Austin G.},
	Date-Added = {2015-05-06 08:56:34 +0000},
	Date-Modified = {2015-05-06 08:56:34 +0000},
	Eprint = {1307.1740},
	Journal = {Quant. Inf. Comput.},
	Pages = {0145--0158},
	Title = {Minimum weight perfect matching of fault-tolerant topological quantum error correction in average $O(1)$ parallel time},
	Volume = {15},
	Year = {2015},
	Bdsk-File-1 = {YnBsaXN0MDDUAQIDBAUGJCVYJHZlcnNpb25YJG9iamVjdHNZJGFyY2hpdmVyVCR0b3ASAAGGoKgHCBMUFRYaIVUkbnVsbNMJCgsMDxJXTlMua2V5c1pOUy5vYmplY3RzViRjbGFzc6INDoACgAOiEBGABIAFgAdccmVsYXRpdmVQYXRoWWFsaWFzRGF0YV8QTS4uL1BhcGVycy9NaW5pbXVtIHdlaWdodCBwZXJmZWN0IG1hdGNoaW5nIG9mIGZhdWx0LXRvbGVyYW50OyBGb3dsZXI7IDIwMTUucGRm0hcLGBlXTlMuZGF0YU8RAjAAAAAAAjAAAgAAB0V1cmVrYSEAAAAAAAAAAAAAAAAAAAAAAAAAANCeHY1IKwAAABzDix9NaW5pbXVtIHdlaWdodCBwZXJmZSNGMzIwQ0YucGRmAAAAAAAAAAAAAAAAAAAAAAAAAAAAAAAAAAAAAAAAAAAA8yDP0XAUewAAAAAAAAAAAAEAAgAACSAAAAAAAAAAAAAAAAAAAAAGUGFwZXJzABAACAAA0J2C3QAAABEACAAA0W+H2wAAAAEAEAAcw4sAHHSjABwIEAAcB/wAAgBJRXVyZWthITpVc2VyczoAc2ZsYW1taWE6AERyb3Bib3g6AFBhcGVyczoATWluaW11bSB3ZWlnaHQgcGVyZmUjRjMyMENGLnBkZgAADgCIAEMATQBpAG4AaQBtAHUAbQAgAHcAZQBpAGcAaAB0ACAAcABlAHIAZgBlAGMAdAAgAG0AYQB0AGMAaABpAG4AZwAgAG8AZgAgAGYAYQB1AGwAdAAtAHQAbwBsAGUAcgBhAG4AdAA7ACAARgBvAHcAbABlAHIAOwAgADIAMAAxADUALgBwAGQAZgAPABAABwBFAHUAcgBlAGsAYQAhABIAYVVzZXJzL3NmbGFtbWlhL0Ryb3Bib3gvUGFwZXJzL01pbmltdW0gd2VpZ2h0IHBlcmZlY3QgbWF0Y2hpbmcgb2YgZmF1bHQtdG9sZXJhbnQ7IEZvd2xlcjsgMjAxNS5wZGYAABMAAS8AABUAAgAP//8AAIAG0hscHR5aJGNsYXNzbmFtZVgkY2xhc3Nlc11OU011dGFibGVEYXRhox0fIFZOU0RhdGFYTlNPYmplY3TSGxwiI1xOU0RpY3Rpb25hcnmiIiBfEA9OU0tleWVkQXJjaGl2ZXLRJidUcm9vdIABAAgAEQAaACMALQAyADcAQABGAE0AVQBgAGcAagBsAG4AcQBzAHUAdwCEAI4A3gDjAOsDHwMhAyYDMQM6A0gDTANTA1wDYQNuA3EDgwOGA4sAAAAAAAACAQAAAAAAAAAoAAAAAAAAAAAAAAAAAAADjQ==}}

@article{Anwar2014,
	Archiveprefix = {arXiv},
	Author = {Hussain Anwar and Benjamin J Brown and Earl T Campbell and Dan E Browne},
	Date-Added = {2015-05-06 08:50:04 +0000},
	Date-Modified = {2015-05-06 08:50:04 +0000},
	Doi = {10.1088/1367-2630/16/6/063038},
	Eprint = {1311.4895},
	Journal = {New J. Phys.},
	Month = {jun},
	Number = {6},
	Pages = {063038},
	Title = {Fast decoders for qudit topological codes},
	Volume = {16},
	Year = {2014},
	Bdsk-Url-1 = {http://dx.doi.org/10.1088/1367-2630/16/6/063038}}

@article{Wootton2012,
	Archiveprefix = {arXiv},
	Abstract = {An algorithm is presented for error correction in the surface code quantum memory. This is shown to correct depolarizing noise up to a threshold error rate of 18.5%, exceeding previous results and coming close to the upper bound of 18.9%. The time complexity of the algorithm is found to be polynomial with error suppression, allowing efficient error correction for codes of realistic sizes.},
	Author = {Wootton, James R. and Loss, Daniel},
	Date-Added = {2015-05-06 08:42:39 +0000},
	Date-Modified = {2015-05-06 08:42:39 +0000},
	Doi = {10.1103/PhysRevLett.109.160503},
	Eprint = {1202.4316},
	Journal = {Phys. Rev. Lett.},
	Number = {16},
	Pages = {160503},
	Title = {High threshold error correction for the surface code},
	Url = {http://arxiv.org/abs/1202.4316},
	Volume = {109},
	Year = {2012},
	Bdsk-File-1 = {YnBsaXN0MDDUAQIDBAUGJCVYJHZlcnNpb25YJG9iamVjdHNZJGFyY2hpdmVyVCR0b3ASAAGGoKgHCBMUFRYaIVUkbnVsbNMJCgsMDxJXTlMua2V5c1pOUy5vYmplY3RzViRjbGFzc6INDoACgAOiEBGABIAFgAdccmVsYXRpdmVQYXRoWWFsaWFzRGF0YV8QSi4uL1BhcGVycy9IaWdoIHRocmVzaG9sZCBlcnJvciBjb3JyZWN0aW9uIGZvciB0aGU7IFdvb3R0b24sIExvc3M7IDIwMTIucGRm0hcLGBlXTlMuZGF0YU8RAiYAAAAAAiYAAgAAB0V1cmVrYSEAAAAAAAAAAAAAAAAAAAAAAAAAANCeHY1IKwAAABzDix9IaWdoIHRocmVzaG9sZCBlcnJvciMxQ0M0Q0EucGRmAAAAAAAAAAAAAAAAAAAAAAAAAAAAAAAAAAAAAAAAAAAAHMTKzNWFYgAAAAAAAAAAAAEAAgAACSAAAAAAAAAAAAAAAAAAAAAGUGFwZXJzABAACAAA0J2C3QAAABEACAAAzNTqsgAAAAEAEAAcw4sAHHSjABwIEAAcB/wAAgBJRXVyZWthITpVc2VyczoAc2ZsYW1taWE6AERyb3Bib3g6AFBhcGVyczoASGlnaCB0aHJlc2hvbGQgZXJyb3IjMUNDNENBLnBkZgAADgCCAEAASABpAGcAaAAgAHQAaAByAGUAcwBoAG8AbABkACAAZQByAHIAbwByACAAYwBvAHIAcgBlAGMAdABpAG8AbgAgAGYAbwByACAAdABoAGUAOwAgAFcAbwBvAHQAdABvAG4ALAAgAEwAbwBzAHMAOwAgADIAMAAxADIALgBwAGQAZgAPABAABwBFAHUAcgBlAGsAYQAhABIAXlVzZXJzL3NmbGFtbWlhL0Ryb3Bib3gvUGFwZXJzL0hpZ2ggdGhyZXNob2xkIGVycm9yIGNvcnJlY3Rpb24gZm9yIHRoZTsgV29vdHRvbiwgTG9zczsgMjAxMi5wZGYAEwABLwAAFQACAA///wAAgAbSGxwdHlokY2xhc3NuYW1lWCRjbGFzc2VzXU5TTXV0YWJsZURhdGGjHR8gVk5TRGF0YVhOU09iamVjdNIbHCIjXE5TRGljdGlvbmFyeaIiIF8QD05TS2V5ZWRBcmNoaXZlctEmJ1Ryb290gAEACAARABoAIwAtADIANwBAAEYATQBVAGAAZwBqAGwAbgBxAHMAdQB3AIQAjgDbAOAA6AMSAxQDGQMkAy0DOwM/A0YDTwNUA2EDZAN2A3kDfgAAAAAAAAIBAAAAAAAAACgAAAAAAAAAAAAAAAAAAAOA},
	Bdsk-Url-1 = {http://arxiv.org/abs/1202.4316}}

@article{Pfeifer2010,
	Archiveprefix = {arXiv},
	Author = {Pfeifer, R. N. C. and Corboz, P. and Buerschaper, O. and Aguado, M. and Troyer, M. and Vidal, G.},
	Date-Added = {2015-05-06 08:26:41 +0000},
	Date-Modified = {2015-05-06 08:26:41 +0000},
	Doi = {10.1103/PhysRevB.82.115126},
	Eprint = {1006.3532},
	Issue = {11},
	Journal = {Phys. Rev. B},
	Month = {Sep},
	Numpages = {16},
	Pages = {115126},
	Title = {Simulation of anyons with tensor network algorithms},
	Volume = {82},
	Year = {2010},
	Bdsk-File-1 = {YnBsaXN0MDDUAQIDBAUGJCVYJHZlcnNpb25YJG9iamVjdHNZJGFyY2hpdmVyVCR0b3ASAAGGoKgHCBMUFRYaIVUkbnVsbNMJCgsMDxJXTlMua2V5c1pOUy5vYmplY3RzViRjbGFzc6INDoACgAOiEBGABIAFgAdccmVsYXRpdmVQYXRoWWFsaWFzRGF0YV8QXC4uL1BhcGVycy9TaW11bGF0aW9uIG9mIGFueW9ucyB3aXRoIHRlbnNvciBuZXR3b3JrOyBQZmVpZmVyLCBDb3Jib3osIEJ1ZXJzY2hhcGVyLCs7IDIwMTAucGRm0hcLGBlXTlMuZGF0YU8RAlwAAAAAAlwAAgAAB0V1cmVrYSEAAAAAAAAAAAAAAAAAAAAAAAAAANCeHY1IKwAAABzDix9TaW11bGF0aW9uIG9mIGFueW9ucyMxQ0M2NUUucGRmAAAAAAAAAAAAAAAAAAAAAAAAAAAAAAAAAAAAAAAAAAAAHMZezcVq5QAAAAAAAAAAAAEAAgAACSAAAAAAAAAAAAAAAAAAAAAGUGFwZXJzABAACAAA0J2C3QAAABEACAAAzcTeRQAAAAEAEAAcw4sAHHSjABwIEAAcB/wAAgBJRXVyZWthITpVc2VyczoAc2ZsYW1taWE6AERyb3Bib3g6AFBhcGVyczoAU2ltdWxhdGlvbiBvZiBhbnlvbnMjMUNDNjVFLnBkZgAADgCmAFIAUwBpAG0AdQBsAGEAdABpAG8AbgAgAG8AZgAgAGEAbgB5AG8AbgBzACAAdwBpAHQAaAAgAHQAZQBuAHMAbwByACAAbgBlAHQAdwBvAHIAawA7ACAAUABmAGUAaQBmAGUAcgAsACAAQwBvAHIAYgBvAHoALAAgAEIAdQBlAHIAcwBjAGgAYQBwAGUAcgAsACsAOwAgADIAMAAxADAALgBwAGQAZgAPABAABwBFAHUAcgBlAGsAYQAhABIAcFVzZXJzL3NmbGFtbWlhL0Ryb3Bib3gvUGFwZXJzL1NpbXVsYXRpb24gb2YgYW55b25zIHdpdGggdGVuc29yIG5ldHdvcms7IFBmZWlmZXIsIENvcmJveiwgQnVlcnNjaGFwZXIsKzsgMjAxMC5wZGYAEwABLwAAFQACAA///wAAgAbSGxwdHlokY2xhc3NuYW1lWCRjbGFzc2VzXU5TTXV0YWJsZURhdGGjHR8gVk5TRGF0YVhOU09iamVjdNIbHCIjXE5TRGljdGlvbmFyeaIiIF8QD05TS2V5ZWRBcmNoaXZlctEmJ1Ryb290gAEACAARABoAIwAtADIANwBAAEYATQBVAGAAZwBqAGwAbgBxAHMAdQB3AIQAjgDtAPIA+gNaA1wDYQNsA3UDgwOHA44DlwOcA6kDrAO+A8EDxgAAAAAAAAIBAAAAAAAAACgAAAAAAAAAAAAAAAAAAAPI},
	Bdsk-Url-1 = {http://dx.doi.org/10.1103/PhysRevB.82.115126}}

@article{Brown2015,
	Archiveprefix = {arXiv},
	Author = {Brown, Benjamin J. and Loss, Daniel and Pachos, Jiannis K. and Self, Chris N. and Wootton, James R.},
	Date-Added = {2015-04-30 11:34:05 +0000},
	Date-Modified = {2015-04-30 11:34:05 +0000},
	Eprint = {1411.6643},
	Title = {Quantum Memories at Finite Temperature},
	Year = {2015},
	Bdsk-File-1 = {YnBsaXN0MDDUAQIDBAUGJCVYJHZlcnNpb25YJG9iamVjdHNZJGFyY2hpdmVyVCR0b3ASAAGGoKgHCBMUFRYaIVUkbnVsbNMJCgsMDxJXTlMua2V5c1pOUy5vYmplY3RzViRjbGFzc6INDoACgAOiEBGABIAFgAdccmVsYXRpdmVQYXRoWWFsaWFzRGF0YV8QUS4uL1BhcGVycy9RdWFudHVtIE1lbW9yaWVzIGF0IEZpbml0ZSBUZW1wZXJhdHVyZTsgQnJvd24sIExvc3MsIFBhY2hvcywrOyAyMDE1LnBkZtIXCxgZV05TLmRhdGFPEQI8AAAAAAI8AAIAAAdFdXJla2EhAAAAAAAAAAAAAAAAAAAAAAAAAADQnh2NSCsAAAAcw4sfUXVhbnR1bSBNZW1vcmllcyBhdCAjMUNDNUQyLnBkZgAAAAAAAAAAAAAAAAAAAAAAAAAAAAAAAAAAAAAAAAAAABzF0tCbftEAAAAAAAAAAAABAAIAAAkgAAAAAAAAAAAAAAAAAAAABlBhcGVycwAQAAgAANCdgt0AAAARAAgAANCa5CEAAAABABAAHMOLABx0owAcCBAAHAf8AAIASUV1cmVrYSE6VXNlcnM6AHNmbGFtbWlhOgBEcm9wYm94OgBQYXBlcnM6AFF1YW50dW0gTWVtb3JpZXMgYXQgIzFDQzVEMi5wZGYAAA4AkABHAFEAdQBhAG4AdAB1AG0AIABNAGUAbQBvAHIAaQBlAHMAIABhAHQAIABGAGkAbgBpAHQAZQAgAFQAZQBtAHAAZQByAGEAdAB1AHIAZQA7ACAAQgByAG8AdwBuACwAIABMAG8AcwBzACwAIABQAGEAYwBoAG8AcwAsACsAOwAgADIAMAAxADUALgBwAGQAZgAPABAABwBFAHUAcgBlAGsAYQAhABIAZVVzZXJzL3NmbGFtbWlhL0Ryb3Bib3gvUGFwZXJzL1F1YW50dW0gTWVtb3JpZXMgYXQgRmluaXRlIFRlbXBlcmF0dXJlOyBCcm93biwgTG9zcywgUGFjaG9zLCs7IDIwMTUucGRmAAATAAEvAAAVAAIAD///AACABtIbHB0eWiRjbGFzc25hbWVYJGNsYXNzZXNdTlNNdXRhYmxlRGF0YaMdHyBWTlNEYXRhWE5TT2JqZWN00hscIiNcTlNEaWN0aW9uYXJ5oiIgXxAPTlNLZXllZEFyY2hpdmVy0SYnVHJvb3SAAQAIABEAGgAjAC0AMgA3AEAARgBNAFUAYABnAGoAbABuAHEAcwB1AHcAhACOAOIA5wDvAy8DMQM2A0EDSgNYA1wDYwNsA3EDfgOBA5MDlgObAAAAAAAAAgEAAAAAAAAAKAAAAAAAAAAAAAAAAAAAA50=}}

@article{Terhal2015,
	Abstract = {This is a pedagogical review of the formalism of stabilizer codes and their possible use in protecting quantum information. We discuss several codes of particular physical interest such as the qubit-into-oscillator code, 2D topological error correction and 2D subsystem codes. The emphasis in this review is on the use of such codes as a quantum memory although we also discuss fault-tolerance theory and quantum universality.},
	Archiveprefix = {arXiv},
	Author = {Terhal, Barbara M.},
	Date-Added = {2015-04-30 11:34:05 +0000},
	Date-Modified = {2015-05-06 08:33:38 +0000},
	Doi = {10.1103/RevModPhys.87.307},
	Eprint = {1302.3428},
	Journal = {Rev. Mod. Phys.},
	Month = {02},
	Pages = {307},
	Title = {Quantum Error Correction for Quantum Memories},
	Url = {http://arxiv.org/abs/1302.3428},
	Volume = {87},
	Year = {2015},
	Bdsk-File-1 = {YnBsaXN0MDDUAQIDBAUGJCVYJHZlcnNpb25YJG9iamVjdHNZJGFyY2hpdmVyVCR0b3ASAAGGoKgHCBMUFRYaIVUkbnVsbNMJCgsMDxJXTlMua2V5c1pOUy5vYmplY3RzViRjbGFzc6INDoACgAOiEBGABIAFgAdccmVsYXRpdmVQYXRoWWFsaWFzRGF0YV8QTC4uLy4uLy5UcmFzaC9RdWFudHVtIEVycm9yIENvcnJlY3Rpb24gZm9yIFF1YW50dW0gTWVtb3JpZXM7IFRlcmhhbDsgMjAxNS5wZGbSFwsYGVdOUy5kYXRhTxECHgAAAAACHgACAAAMTWFjaW50b3NoIEhEAAAAAAAAAAAAAAAAAAAA0FzcF0grAAABAri+H1F1YW50dW0gRXJyb3IgQ29ycmVjI0FGODRFQS5wZGYAAAAAAAAAAAAAAAAAAAAAAAAAAAAAAAAAAAAAAAAAAACvhOrRBSg2AAAAAAAAAAAAAgACAAAJIAAAAAAAAAAAAAAAAAAAAAYuVHJhc2gAEAAIAADQXEFnAAAAEQAIAADRBI2GAAAAAQAMAQK4vgAJQM0AApPVAAIARU1hY2ludG9zaCBIRDpVc2VyczoAc2ZsYW1taWE6AC5UcmFzaDoAUXVhbnR1bSBFcnJvciBDb3JyZWMjQUY4NEVBLnBkZgAADgCAAD8AUQB1AGEAbgB0AHUAbQAgAEUAcgByAG8AcgAgAEMAbwByAHIAZQBjAHQAaQBvAG4AIABmAG8AcgAgAFEAdQBhAG4AdAB1AG0AIABNAGUAbQBvAHIAaQBlAHMAOwAgAFQAZQByAGgAYQBsADsAIAAyADAAMQA1AC4AcABkAGYADwAaAAwATQBhAGMAaQBuAHQAbwBzAGgAIABIAEQAEgBVVXNlcnMvc2ZsYW1taWEvLlRyYXNoL1F1YW50dW0gRXJyb3IgQ29ycmVjdGlvbiBmb3IgUXVhbnR1bSBNZW1vcmllczsgVGVyaGFsOyAyMDE1LnBkZgAAEwABLwAAFQACAA///wAAgAbSGxwdHlokY2xhc3NuYW1lWCRjbGFzc2VzXU5TTXV0YWJsZURhdGGjHR8gVk5TRGF0YVhOU09iamVjdNIbHCIjXE5TRGljdGlvbmFyeaIiIF8QD05TS2V5ZWRBcmNoaXZlctEmJ1Ryb290gAEACAARABoAIwAtADIANwBAAEYATQBVAGAAZwBqAGwAbgBxAHMAdQB3AIQAjgDdAOIA6gMMAw4DEwMeAycDNQM5A0ADSQNOA1sDXgNwA3MDeAAAAAAAAAIBAAAAAAAAACgAAAAAAAAAAAAAAAAAAAN6},
	Bdsk-Url-1 = {http://arxiv.org/abs/1302.3428}}

@article{Mong2014,
	Archiveprefix = {arXiv},
	Author = {Mong, Roger S. K. and Clarke, David J. and Alicea, Jason and Lindner, Netanel H. and Fendley, Paul and Nayak, Chetan and Oreg, Yuval and Stern, Ady and Berg, Erez and Shtengel, Kirill and Fisher, Matthew P. A.},
	Date-Added = {2014-12-16 20:59:31 +0000},
	Date-Modified = {2014-12-16 20:59:31 +0000},
	Doi = {10.1103/PhysRevX.4.011036},
	Eprint = {1307.4403},
	Issue = {1},
	Journal = {Phys. Rev. X},
	Month = {Mar},
	Numpages = {41},
	Pages = {011036},
	Title = {Universal Topological Quantum Computation from a Superconductor-Abelian Quantum Hall Heterostructure},
	Volume = {4},
	Year = {2014},
	Bdsk-Url-1 = {http://dx.doi.org/10.1103/PhysRevX.4.011036}}

@book{Grimmett1989,
	Author = {Grimmett, G.},
	Date-Added = {2014-12-08 02:59:14 +0000},
	Date-Modified = {2014-12-08 02:59:14 +0000},
	Edition = {2nd},
	Publisher = {Springer},
	Title = {Percolation},
	Year = {1989}}

@article{Kapit2013,
	Archiveprefix = {arXiv},
	Author = {Kapit, Eliot and Simon, Steven},
	Date-Added = {2014-12-04 05:37:35 +0000},
	Date-Modified = {2014-12-04 05:37:35 +0000},
	Doi = {10.1103/PhysRevB.88.184409},
	Eprint = {1307.3485},
	Issue = {18},
	Journal = {Phys. Rev. B},
	Month = {Nov},
	Numpages = {5},
	Pages = {184409},
	Title = {Three- and four-body interactions from two-body interactions in spin models: A route to Abelian and non-Abelian fractional Chern insulators},
	Volume = {88},
	Year = {2013},
	Bdsk-Url-1 = {http://dx.doi.org/10.1103/PhysRevB.88.184409}}

@article{Palumbo2014,
	Archiveprefix = {arXiv},
	Author = {Palumbo, Giandomenico and Pachos, Jiannis K.},
	Date-Added = {2014-12-04 05:35:36 +0000},
	Date-Modified = {2014-12-04 05:35:37 +0000},
	Doi = {10.1103/PhysRevD.90.027703},
	Eprint = {1311.2871},
	Issue = {2},
	Journal = {Phys. Rev. D},
	Month = {Jul},
	Numpages = {5},
	Pages = {027703},
	Title = {Non-Abelian Chern-Simons theory from a Hubbard-like model},
	Volume = {90},
	Year = {2014},
	Bdsk-Url-1 = {http://dx.doi.org/10.1103/PhysRevD.90.027703}}

@article{Trebst2008,
	Archiveprefix = {arXiv},
	Author = {Trebst, Simon and Troyer, Matthias and Wang, Zhenghan and Ludwig, Andreas W.W.},
	Date-Added = {2014-12-04 03:29:52 +0000},
	Date-Modified = {2014-12-04 03:29:52 +0000},
	Doi = {10.1143/ptps.176.384},
	Eprint = {0902.3275},
	Journal = {Prog. Theor. Phys. Supp.},
	Pages = {384},
	Title = {A short introduction to Fibonacci anyon models},
	Volume = {176},
	Year = {2008},
	Bdsk-File-1 = {YnBsaXN0MDDUAQIDBAUGJCVYJHZlcnNpb25YJG9iamVjdHNZJGFyY2hpdmVyVCR0b3ASAAGGoKgHCBMUFRYaIVUkbnVsbNMJCgsMDxJXTlMua2V5c1pOUy5vYmplY3RzViRjbGFzc6INDoACgAOiEBGABIAFgAdccmVsYXRpdmVQYXRoWWFsaWFzRGF0YV8QWC4uL1BhcGVycy9zaG9ydCBpbnRyb2R1Y3Rpb24gdG8gRmlib25hY2NpIGFueW9uIG1vZGVsczsgVHJlYnN0LCBUcm95ZXIsIFdhbmcsKzsgMjAwOC5wZGbSFwsYGVdOUy5kYXRhTxECUAAAAAACUAACAAAHRXVyZWthIQAAAAAAAAAAAAAAAAAAAAAAAAAA0J4djUgrAAAAHMOLH3Nob3J0IGludHJvZHVjdGlvbiB0IzFDQzcyMC5wZGYAAAAAAAAAAAAAAAAAAAAAAAAAAAAAAAAAAAAAAAAAAAAcxyDFwvJQAAAAAAAAAAAAAQACAAAJIAAAAAAAAAAAAAAAAAAAAAZQYXBlcnMAEAAIAADQnYLdAAAAEQAIAADFwlegAAAAAQAQABzDiwAcdKMAHAgQABwH/AACAElFdXJla2EhOlVzZXJzOgBzZmxhbW1pYToARHJvcGJveDoAUGFwZXJzOgBzaG9ydCBpbnRyb2R1Y3Rpb24gdCMxQ0M3MjAucGRmAAAOAJ4ATgBzAGgAbwByAHQAIABpAG4AdAByAG8AZAB1AGMAdABpAG8AbgAgAHQAbwAgAEYAaQBiAG8AbgBhAGMAYwBpACAAYQBuAHkAbwBuACAAbQBvAGQAZQBsAHMAOwAgAFQAcgBlAGIAcwB0ACwAIABUAHIAbwB5AGUAcgAsACAAVwBhAG4AZwAsACsAOwAgADIAMAAwADgALgBwAGQAZgAPABAABwBFAHUAcgBlAGsAYQAhABIAbFVzZXJzL3NmbGFtbWlhL0Ryb3Bib3gvUGFwZXJzL3Nob3J0IGludHJvZHVjdGlvbiB0byBGaWJvbmFjY2kgYW55b24gbW9kZWxzOyBUcmVic3QsIFRyb3llciwgV2FuZywrOyAyMDA4LnBkZgATAAEvAAAVAAIAD///AACABtIbHB0eWiRjbGFzc25hbWVYJGNsYXNzZXNdTlNNdXRhYmxlRGF0YaMdHyBWTlNEYXRhWE5TT2JqZWN00hscIiNcTlNEaWN0aW9uYXJ5oiIgXxAPTlNLZXllZEFyY2hpdmVy0SYnVHJvb3SAAQAIABEAGgAjAC0AMgA3AEAARgBNAFUAYABnAGoAbABuAHEAcwB1AHcAhACOAOkA7gD2A0oDTANRA1wDZQNzA3cDfgOHA4wDmQOcA64DsQO2AAAAAAAAAgEAAAAAAAAAKAAAAAAAAAAAAAAAAAAAA7g=}}

@book{Wang2010b,
	Author = {Zhenghan Wang},
	Date-Added = {2014-12-03 23:00:45 +0000},
	Date-Modified = {2014-12-03 23:00:50 +0000},
	Isbn = {0821849301},
	Isbook = {1},
	Publisher = {American Mathematical Society},
	Title = {Topological quantum computation},
	Year = {2010},
	Bdsk-File-1 = {YnBsaXN0MDDUAQIDBAUGJCVYJHZlcnNpb25YJG9iamVjdHNZJGFyY2hpdmVyVCR0b3ASAAGGoKgHCBMUFRYaIVUkbnVsbNMJCgsMDxJXTlMua2V5c1pOUy5vYmplY3RzViRjbGFzc6INDoACgAOiEBGABIAFgAdccmVsYXRpdmVQYXRoWWFsaWFzRGF0YV8QOC4uL0Jvb2tzL1RvcG9sb2dpY2FsIHF1YW50dW0gY29tcHV0YXRpb247IFdhbmc7IDIwMTAucGRm0hcLGBlXTlMuZGF0YU8RAfAAAAAAAfAAAgAAB0V1cmVrYSEAAAAAAAAAAAAAAAAAAAAAAAAAANCeHY1IKwAAABx/jx9Ub3BvbG9naWNhbCBxdWFudHVtICMxQzgxOTcucGRmAAAAAAAAAAAAAAAAAAAAAAAAAAAAAAAAAAAAAAAAAAAAHIGXzaAbTAAAAAAAAAAAAAEAAgAACSAAAAAAAAAAAAAAAAAAAAAFQm9va3MAABAACAAA0J2C3QAAABEACAAAzZ+OrAAAAAEAEAAcf48AHHSjABwIEAAcB/wAAgBIRXVyZWthITpVc2VyczoAc2ZsYW1taWE6AERyb3Bib3g6AEJvb2tzOgBUb3BvbG9naWNhbCBxdWFudHVtICMxQzgxOTcucGRmAA4AYAAvAFQAbwBwAG8AbABvAGcAaQBjAGEAbAAgAHEAdQBhAG4AdAB1AG0AIABjAG8AbQBwAHUAdABhAHQAaQBvAG4AOwAgAFcAYQBuAGcAOwAgADIAMAAxADAALgBwAGQAZgAPABAABwBFAHUAcgBlAGsAYQAhABIATFVzZXJzL3NmbGFtbWlhL0Ryb3Bib3gvQm9va3MvVG9wb2xvZ2ljYWwgcXVhbnR1bSBjb21wdXRhdGlvbjsgV2FuZzsgMjAxMC5wZGYAEwABLwAAFQACAA///wAAgAbSGxwdHlokY2xhc3NuYW1lWCRjbGFzc2VzXU5TTXV0YWJsZURhdGGjHR8gVk5TRGF0YVhOU09iamVjdNIbHCIjXE5TRGljdGlvbmFyeaIiIF8QD05TS2V5ZWRBcmNoaXZlctEmJ1Ryb290gAEACAARABoAIwAtADIANwBAAEYATQBVAGAAZwBqAGwAbgBxAHMAdQB3AIQAjgDJAM4A1gLKAswC0QLcAuUC8wL3Av4DBwMMAxkDHAMuAzEDNgAAAAAAAAIBAAAAAAAAACgAAAAAAAAAAAAAAAAAAAM4}}

@article{Hutter2014,
	Archiveprefix = {arXiv},
	Author = {Hutter, Adrian and Loss, Daniel and Wootton, James R},
	Date-Modified = {2014-12-04 00:41:29 +0000},
	Eprint = {1410.4478},
	Journal = {New J. Phys.},
	volume={17},
 	number={3},
  	pages={035017},
  	url={http://stacks.iop.org/1367-2630/17/i=3/a=035017},
  	year={2015},
	Title = {Improved HDRG decoders for qudit and non-Abelian quantum error correction}}

@article{Levin2005,
	Archiveprefix = {arXiv},
	Author = {Levin, Michael A. and Wen, Xiao-Gang},
	Date-Modified = {2014-12-04 05:33:34 +0000},
	Doi = {10.1103/PhysRevB.71.045110},
	Eprint = {cond-mat/0404617},
	Issue = {4},
	Journal = {Phys. Rev. B},
	Month = {Jan},
	Numpages = {21},
	Pages = {045110},
	Publisher = {American Physical Society},
	Title = {String-net condensation: A physical mechanism for topological phases},
	Url = {http://link.aps.org/doi/10.1103/PhysRevB.71.045110},
	Volume = {71},
	Year = {2005},
	Bdsk-Url-1 = {http://link.aps.org/doi/10.1103/PhysRevB.71.045110},
	Bdsk-Url-2 = {http://dx.doi.org/10.1103/PhysRevB.71.045110}}

@article{Slingerland2001,
	Archiveprefix = {arXiv},
	Author = {Slingerland, J. K. and Bais, F. A.},
	Date-Modified = {2014-12-04 05:32:00 +0000},
	Doi = {10.1016/S0550-3213(01)00308-X},
	Eprint = {cond-mat/0104035},
	Journal = {Nucl. Phys. B},
	Number = {3},
	Pages = {229--290},
	Title = {Quantum groups and non-Abelian braiding in quantum Hall systems},
	Url = {http://www.sciencedirect.com/science/article/pii/S055032130100308X},
	Volume = {612},
	Year = {2001},
	Bdsk-Url-1 = {http://www.sciencedirect.com/science/article/pii/S055032130100308X},
	Bdsk-Url-2 = {http://dx.doi.org/10.1016/S0550-3213(01)00308-X}}


@article{Brell2013,
	Archiveprefix = {arXiv},
	Author = {Brell, Courtney G. and Burton, Simon and Dauphinais, Guillaume and Flammia, Steven T. and Poulin, David},
	Date-Modified = {2014-12-04 00:40:21 +0000},
	Doi = {10.1103/PhysRevX.4.031058},
	Eprint = {1311.0019},
	Journal = {Phys. Rev. X},
	Pages = {031058},
	Title = {Thermalization, Error-Correction, and Memory Lifetime for Ising Anyon Systems},
	Volume = {4},
	Year = {2014},
	Bdsk-Url-1 = {http://dx.doi.org/10.1103/PhysRevX.4.031058}}

@article{BR07a,
	Archiveprefix = {arXiv},
	Author = {Bravyi, Sergey and Raussendorf, Robert},
	Date-Added = {2010-05-05 09:29:23 -0400},
	Date-Modified = {2013-10-31 20:01:51 +0000},
	Eprint = {quant-ph/0610162},
	Journal = {Phys. Rev. A},
	Keywords = {Topological QC},
	Pages = {022304},
	Title = {Measurement-based quantum computation with the toric code states},
	Volume = {76},
	Year = {2007},
	Bdsk-Url-1 = {http://dx.doi.org/10.1103/PhysRevA.76.022304}}

@article{AnwarInPrep,
	Author = {H. Anwar, B. Brown, E. Campbell and D. Browne},
	Journal = {In Preparation}}

@article{Wootton2013b,
	Archiveprefix = {arXiv},
	Author = {Wootton, James R},
	Date-Modified = {2013-10-31 20:02:36 +0000},
	Eprint = {1310.2393},
	Title = {A simple decoder for topological codes},
	Year = {2013}}

@article{Oshikawa2007,
	Archiveprefix = {arXiv},
	Author = {Masaki Oshikawa and Yong Baek Kim and Kirill Shtengel and Chetan Nayak and Sumanta Tewari},
	Date-Added = {2013-10-23 12:04:36 +0000},
	Date-Modified = {2013-10-23 12:05:00 +0000},
	Doi = {10.1016/j.aop.2006.08.001},
	Eprint = {cond-mat/0607743},
	Journal = {Ann. Phys},
	Number = {6},
	Pages = {1477--1498},
	Title = {Topological degeneracy of non-{A}belian states for dummies},
	Volume = {322},
	Year = {2007},
	Bdsk-Url-1 = {http://dx.doi.org/10.1016/j.aop.2006.08.001}}

@article{Pastawski2010,
	Archiveprefix = {arXiv},
	Author = {Pastawski, Fernando and Kay, Alastair and Schuch, Norbert and Cirac, J. Ignacio},
	Date-Modified = {2014-12-04 00:33:52 +0000},
	Eprint = {0911.3843},
	Journal = {Quant. Inf. Comput.},
	Pages = {580},
	Title = {{Limitations of Passive Protection of Quantum Information}},
	Volume = {10},
	Year = {2010}}

@article{Kovalev2013,
	Archiveprefix = {arXiv},
	Author = {Kovalev, Alexey A. and Pryadko, Leonid P.},
	Date-Added = {2013-10-21 07:23:43 +0000},
	Date-Modified = {2013-10-21 07:23:57 +0000},
	Doi = {10.1103/PhysRevA.87.020304},
	Eprint = {1208.2317},
	Issue = {2},
	Journal = {Phys. Rev. A},
	Month = {Feb},
	Numpages = {5},
	Pages = {020304},
	Title = {Fault tolerance of quantum low-density parity check codes with sublinear distance scaling},
	Volume = {87},
	Year = {2013},
	Bdsk-Url-1 = {http://dx.doi.org/10.1103/PhysRevA.87.020304}}

@article{Freedman2002b,
	Archiveprefix = {arXiv},
	Author = {Freedman, M. H. and Kitaev, A. and Wang, Z.},
	Date-Added = {2013-10-21 04:21:04 +0000},
	Date-Modified = {2013-10-21 07:10:48 +0000},
	Doi = {10.1007/s002200200635},
	Eprint = {quant-ph/0001071},
	Journal = {Comm. Math. Phys.},
	Pages = {587--603},
	Title = {Simulation of topological field theories by quantum computers},
	Volume = {227},
	Year = {2002},
	Bdsk-Url-1 = {http://dx.doi.org/10.1007/s002200200635}}

@article{Barkeshli2013,
	Archiveprefix = {arXiv},
	Author = {Barkeshli, Maissam and Jian, Chao-Ming and Qi, Xiao-Liang},
	Date-Added = {2013-10-20 03:04:16 +0000},
	Date-Modified = {2013-10-20 03:13:48 +0000},
	Eprint = {1304.7579},
	Title = {Classification of topological defects in {A}belian topological states},
	Year = {2013}}

@article{Levin2013,
	Archiveprefix = {arXiv},
	Author = {Levin, Michael},
	Date-Added = {2013-10-20 03:04:16 +0000},
	Date-Modified = {2013-10-20 03:04:16 +0000},
	Doi = {10.1103/PhysRevX.3.021009},
	Eprint = {1301.7355},
	Issue = {2},
	Journal = {Phys. Rev. X},
	Month = {May},
	Numpages = {18},
	Pages = {021009},
	Publisher = {American Physical Society},
	Title = {Protected Edge Modes without Symmetry},
	Url = {http://link.aps.org/doi/10.1103/PhysRevX.3.021009},
	Volume = {3},
	Year = {2013},
	Bdsk-Url-1 = {http://link.aps.org/doi/10.1103/PhysRevX.3.021009},
	Bdsk-Url-2 = {http://dx.doi.org/10.1103/PhysRevX.3.021009}}

@article{Koenig2010b,
	Archiveprefix = {arXiv},
	Author = {Robert Koenig and Greg Kuperberg and Ben W. Reichardt},
	Date-Added = {2013-10-20 02:54:35 +0000},
	Date-Modified = {2013-10-20 02:54:35 +0000},
	Doi = {http://dx.doi.org/10.1016/j.aop.2010.08.001},
	Eprint = {1002.2816},
	Journal = {Ann. Phys.},
	Number = {12},
	Pages = {2707--2749},
	Title = {Quantum computation with {T}uraev-{V}iro codes},
	Volume = {325},
	Year = {2010},
	Bdsk-Url-1 = {http://dx.doi.org/10.1016/j.aop.2010.08.001}}

@article{Zatloukal2012,
	Abstract = {The quasi one-dimensional transport of Abelian and non-Abelian anyons is studied in the presence of a random topological background. In particular, we consider the quantum walk of an anyon that braids around islands of randomly filled static anyons of the same type. Two distinct behaviours are identified. We analytically demonstrate that all types of Abelian anyons localise purely due to the statistical phases induced by their random anyonic environment. In contrast, we numerically show that non-Abelian Ising anyons do not localise. This is due to their entanglement with the anyonic environment that effectively induces dephasing. Our study demonstrates that localisation properties strongly depend on non-local topological interactions and it provides a clear distinction in the transport properties of Abelian and non-Abelian statistics.},
	Archiveprefix = {arXiv},
	Author = {V. Zatloukal and L. Lehman and S. Singh and J. K. Pachos and G. K. Brennen},
	Date-Added = {2013-10-20 02:54:08 +0000},
	Date-Modified = {2013-10-20 02:54:08 +0000},
	Eprint = {1207.5000},
	Month = {07},
	Title = {Transport properties of anyons in random topological environments},
	Url = {http://arxiv.org/abs/1207.5000},
	Year = {2012},
	Bdsk-File-1 = {YnBsaXN0MDDUAQIDBAUGJCVYJHZlcnNpb25YJG9iamVjdHNZJGFyY2hpdmVyVCR0b3ASAAGGoKgHCBMUFRYaIVUkbnVsbNMJCgsMDxJXTlMua2V5c1pOUy5vYmplY3RzViRjbGFzc6INDoACgAOiEBGABIAFgAdccmVsYXRpdmVQYXRoWWFsaWFzRGF0YV8QWC4uL1BhcGVycy9UcmFuc3BvcnQgcHJvcGVydGllcyBvZiBhbnlvbnMgaW4gcmFuZG9tOyBaYXRsb3VrYWwsIExlaG1hbiwgU2luZ2gsKzsgMjAxMi5wZGbSFwsYGVdOUy5kYXRhTxECUAAAAAACUAACAAAHRXVyZWthIQAAAAAAAAAAAAAAAAAAAAAAAAAA0J4djUgrAAAAHMOLH1RyYW5zcG9ydCBwcm9wZXJ0aWVzIzFDQzZERC5wZGYAAAAAAAAAAAAAAAAAAAAAAAAAAAAAAAAAAAAAAAAAAAAcxt3Nd5UOAAAAAAAAAAAAAQACAAAJIAAAAAAAAAAAAAAAAAAAAAZQYXBlcnMAEAAIAADQnYLdAAAAEQAIAADNdvpeAAAAAQAQABzDiwAcdKMAHAgQABwH/AACAElFdXJla2EhOlVzZXJzOgBzZmxhbW1pYToARHJvcGJveDoAUGFwZXJzOgBUcmFuc3BvcnQgcHJvcGVydGllcyMxQ0M2REQucGRmAAAOAJ4ATgBUAHIAYQBuAHMAcABvAHIAdAAgAHAAcgBvAHAAZQByAHQAaQBlAHMAIABvAGYAIABhAG4AeQBvAG4AcwAgAGkAbgAgAHIAYQBuAGQAbwBtADsAIABaAGEAdABsAG8AdQBrAGEAbAAsACAATABlAGgAbQBhAG4ALAAgAFMAaQBuAGcAaAAsACsAOwAgADIAMAAxADIALgBwAGQAZgAPABAABwBFAHUAcgBlAGsAYQAhABIAbFVzZXJzL3NmbGFtbWlhL0Ryb3Bib3gvUGFwZXJzL1RyYW5zcG9ydCBwcm9wZXJ0aWVzIG9mIGFueW9ucyBpbiByYW5kb207IFphdGxvdWthbCwgTGVobWFuLCBTaW5naCwrOyAyMDEyLnBkZgATAAEvAAAVAAIAD///AACABtIbHB0eWiRjbGFzc25hbWVYJGNsYXNzZXNdTlNNdXRhYmxlRGF0YaMdHyBWTlNEYXRhWE5TT2JqZWN00hscIiNcTlNEaWN0aW9uYXJ5oiIgXxAPTlNLZXllZEFyY2hpdmVy0SYnVHJvb3SAAQAIABEAGgAjAC0AMgA3AEAARgBNAFUAYABnAGoAbABuAHEAcwB1AHcAhACOAOkA7gD2A0oDTANRA1wDZQNzA3cDfgOHA4wDmQOcA64DsQO2AAAAAAAAAgEAAAAAAAAAKAAAAAAAAAAAAAAAAAAAA7g=},
	Bdsk-Url-1 = {http://arxiv.org/abs/1207.5000}}

@article{Brennen2010,
	Author = {Brennen, Gavin K. and Ellinas, Demosthenes and Kendon, Viv and Pachos, Jiannis K. and Tsohantjis, Ioannis and Wang, Zhenghan},
	Date-Added = {2013-10-20 02:53:55 +0000},
	Date-Modified = {2013-10-20 02:53:55 +0000},
	Doi = {10.1016/j.aop.2009.12.001},
	Eprint = {arXiv:0910.2974},
	Journal = {Ann. Phys.},
	Number = {3},
	Pages = {664--681},
	Title = {Anyonic quantum walks},
	Volume = {325},
	Year = {2010},
	Bdsk-File-1 = {YnBsaXN0MDDUAQIDBAUGJCVYJHZlcnNpb25YJG9iamVjdHNZJGFyY2hpdmVyVCR0b3ASAAGGoKgHCBMUFRYaIVUkbnVsbNMJCgsMDxJXTlMua2V5c1pOUy5vYmplY3RzViRjbGFzc6INDoACgAOiEBGABIAFgAdccmVsYXRpdmVQYXRoWWFsaWFzRGF0YV8QRS4uL1BhcGVycy9BbnlvbmljIHF1YW50dW0gd2Fsa3M7IEJyZW5uZW4sIEVsbGluYXMsIEtlbmRvbiwrOyAyMDEwLnBkZtIXCxgZV05TLmRhdGFPEQIYAAAAAAIYAAIAAAdFdXJla2EhAAAAAAAAAAAAAAAAAAAAAAAAAADQnh2NSCsAAAAcw4sfQW55b25pYyBxdWFudHVtIHdhbGsjMUNDM0JBLnBkZgAAAAAAAAAAAAAAAAAAAAAAAAAAAAAAAAAAAAAAAAAAABzDus13lBkAAAAAAAAAAAABAAIAAAkgAAAAAAAAAAAAAAAAAAAABlBhcGVycwAQAAgAANCdgt0AAAARAAgAAM12+WkAAAABABAAHMOLABx0owAcCBAAHAf8AAIASUV1cmVrYSE6VXNlcnM6AHNmbGFtbWlhOgBEcm9wYm94OgBQYXBlcnM6AEFueW9uaWMgcXVhbnR1bSB3YWxrIzFDQzNCQS5wZGYAAA4AeAA7AEEAbgB5AG8AbgBpAGMAIABxAHUAYQBuAHQAdQBtACAAdwBhAGwAawBzADsAIABCAHIAZQBuAG4AZQBuACwAIABFAGwAbABpAG4AYQBzACwAIABLAGUAbgBkAG8AbgAsACsAOwAgADIAMAAxADAALgBwAGQAZgAPABAABwBFAHUAcgBlAGsAYQAhABIAWVVzZXJzL3NmbGFtbWlhL0Ryb3Bib3gvUGFwZXJzL0FueW9uaWMgcXVhbnR1bSB3YWxrczsgQnJlbm5lbiwgRWxsaW5hcywgS2VuZG9uLCs7IDIwMTAucGRmAAATAAEvAAAVAAIAD///AACABtIbHB0eWiRjbGFzc25hbWVYJGNsYXNzZXNdTlNNdXRhYmxlRGF0YaMdHyBWTlNEYXRhWE5TT2JqZWN00hscIiNcTlNEaWN0aW9uYXJ5oiIgXxAPTlNLZXllZEFyY2hpdmVy0SYnVHJvb3SAAQAIABEAGgAjAC0AMgA3AEAARgBNAFUAYABnAGoAbABuAHEAcwB1AHcAhACOANYA2wDjAv8DAQMGAxEDGgMoAywDMwM8A0EDTgNRA2MDZgNrAAAAAAAAAgEAAAAAAAAAKAAAAAAAAAAAAAAAAAAAA20=},
	Bdsk-Url-1 = {http://dx.doi.org/10.1016/j.aop.2009.12.001}}

@article{Lehman2012,
	Abstract = {We study the effects of braiding interactions on single anyon dynamics using a quantum walk model on a quasi-1-dimensional ladder filled with stationary anyons. The model includes loss of information of the coin and nonlocal fusion degrees of freedom on every second time step, such that the entanglement between the position states and the exponentially growing auxiliary degrees of freedom is lost. The computational complexity of numerical calculations reduces drastically from the fully coherent anyonic quantum walk model, allowing for relatively long simulations for anyons which are spin-1/2 irreps of SU(2)_k Chern-Simons theory. We find that for Abelian anyons, the walk retains the ballistic spreading velocity just like particles with trivial braiding statistics. For non-Abelian anyons, the numerical results indicate that the spreading velocity is linearly dependent on the number of time steps. By approximating the Kraus generators of the time evolution map by circulant matrices, it is shown that the spatial probability distribution for the k=2 walk, corresponding to Ising model anyons, is equal to the classical unbiased random walk distribution.},
	Archiveprefix = {arXiv},
	Author = {L. Lehman and D. Ellinas and G.K. Brennen},
	Date-Added = {2013-10-20 02:53:30 +0000},
	Date-Modified = {2013-10-20 02:53:30 +0000},
	Eprint = {1203.1999},
	Month = {03},
	Title = {Quantum Walks of {$SU(2)_k$} Anyons on a Ladder},
	Url = {http://arxiv.org/abs/1203.1999},
	Year = {2012},
	Bdsk-File-1 = {YnBsaXN0MDDUAQIDBAUGJCVYJHZlcnNpb25YJG9iamVjdHNZJGFyY2hpdmVyVCR0b3ASAAGGoKgHCBMUFRYaIVUkbnVsbNMJCgsMDxJXTlMua2V5c1pOUy5vYmplY3RzViRjbGFzc6INDoACgAOiEBGABIAFgAdccmVsYXRpdmVQYXRoWWFsaWFzRGF0YV8QUC4uL1BhcGVycy9RdWFudHVtIFdhbGtzIG9mIFNVKDIpX2sgQW55b25zIG9uOyBMZWhtYW4sIEVsbGluYXMsIEJyZW5uZW47IDIwMTIucGRm0hcLGBlXTlMuZGF0YU8RAjgAAAAAAjgAAgAAB0V1cmVrYSEAAAAAAAAAAAAAAAAAAAAAAAAAANCeHY1IKwAAABzDix9RdWFudHVtIFdhbGtzIG9mIFNVKCMxQ0M1RUEucGRmAAAAAAAAAAAAAAAAAAAAAAAAAAAAAAAAAAAAAAAAAAAAHMXqzXeUyQAAAAAAAAAAAAEAAgAACSAAAAAAAAAAAAAAAAAAAAAGUGFwZXJzABAACAAA0J2C3QAAABEACAAAzXb6GQAAAAEAEAAcw4sAHHSjABwIEAAcB/wAAgBJRXVyZWthITpVc2VyczoAc2ZsYW1taWE6AERyb3Bib3g6AFBhcGVyczoAUXVhbnR1bSBXYWxrcyBvZiBTVSgjMUNDNUVBLnBkZgAADgCOAEYAUQB1AGEAbgB0AHUAbQAgAFcAYQBsAGsAcwAgAG8AZgAgAFMAVQAoADIAKQBfAGsAIABBAG4AeQBvAG4AcwAgAG8AbgA7ACAATABlAGgAbQBhAG4ALAAgAEUAbABsAGkAbgBhAHMALAAgAEIAcgBlAG4AbgBlAG4AOwAgADIAMAAxADIALgBwAGQAZgAPABAABwBFAHUAcgBlAGsAYQAhABIAZFVzZXJzL3NmbGFtbWlhL0Ryb3Bib3gvUGFwZXJzL1F1YW50dW0gV2Fsa3Mgb2YgU1UoMilfayBBbnlvbnMgb247IExlaG1hbiwgRWxsaW5hcywgQnJlbm5lbjsgMjAxMi5wZGYAEwABLwAAFQACAA///wAAgAbSGxwdHlokY2xhc3NuYW1lWCRjbGFzc2VzXU5TTXV0YWJsZURhdGGjHR8gVk5TRGF0YVhOU09iamVjdNIbHCIjXE5TRGljdGlvbmFyeaIiIF8QD05TS2V5ZWRBcmNoaXZlctEmJ1Ryb290gAEACAARABoAIwAtADIANwBAAEYATQBVAGAAZwBqAGwAbgBxAHMAdQB3AIQAjgDhAOYA7gMqAywDMQM8A0UDUwNXA14DZwNsA3kDfAOOA5EDlgAAAAAAAAIBAAAAAAAAACgAAAAAAAAAAAAAAAAAAAOY},
	Bdsk-Url-1 = {http://arxiv.org/abs/1203.1999}}

@article{Lehman2011,
	Archiveprefix = {arXiv},
	Author = {Lehman, Lauri and Zatloukal, Vaclav and Brennen, Gavin K. and Pachos, Jiannis K. and Wang, Zhenghan},
	Date-Added = {2013-10-20 02:52:44 +0000},
	Date-Modified = {2013-10-21 07:02:49 +0000},
	Doi = {10.1103/PhysRevLett.106.230404},
	Eprint = {1009.0813},
	Issue = {23},
	Journal = {Phys. Rev. Lett.},
	Month = {Jun},
	Pages = {230404},
	Title = {Quantum Walks with Non-{A}belian Anyons},
	Volume = {106},
	Year = {2011},
	Bdsk-File-1 = {YnBsaXN0MDDUAQIDBAUGJCVYJHZlcnNpb25YJG9iamVjdHNZJGFyY2hpdmVyVCR0b3ASAAGGoKgHCBMUFRYaIVUkbnVsbNMJCgsMDxJXTlMua2V5c1pOUy5vYmplY3RzViRjbGFzc6INDoACgAOiEBGABIAFgAdccmVsYXRpdmVQYXRoWWFsaWFzRGF0YV8QVy4uL1BhcGVycy9RdWFudHVtIFdhbGtzIHdpdGggTm9uLUFiZWxpYW4gQW55b25zOyBMZWhtYW4sIFphdGxvdWthbCwgQnJlbm5lbiwrOyAyMDExLnBkZtIXCxgZV05TLmRhdGFPEQJOAAAAAAJOAAIAAAdFdXJla2EhAAAAAAAAAAAAAAAAAAAAAAAAAADQnh2NSCsAAAAcw4sfUXVhbnR1bSBXYWxrcyB3aXRoIE4jMUNDNUVCLnBkZgAAAAAAAAAAAAAAAAAAAAAAAAAAAAAAAAAAAAAAAAAAABzF6813lIAAAAAAAAAAAAABAAIAAAkgAAAAAAAAAAAAAAAAAAAABlBhcGVycwAQAAgAANCdgt0AAAARAAgAAM12+dAAAAABABAAHMOLABx0owAcCBAAHAf8AAIASUV1cmVrYSE6VXNlcnM6AHNmbGFtbWlhOgBEcm9wYm94OgBQYXBlcnM6AFF1YW50dW0gV2Fsa3Mgd2l0aCBOIzFDQzVFQi5wZGYAAA4AnABNAFEAdQBhAG4AdAB1AG0AIABXAGEAbABrAHMAIAB3AGkAdABoACAATgBvAG4ALQBBAGIAZQBsAGkAYQBuACAAQQBuAHkAbwBuAHMAOwAgAEwAZQBoAG0AYQBuACwAIABaAGEAdABsAG8AdQBrAGEAbAAsACAAQgByAGUAbgBuAGUAbgAsACsAOwAgADIAMAAxADEALgBwAGQAZgAPABAABwBFAHUAcgBlAGsAYQAhABIAa1VzZXJzL3NmbGFtbWlhL0Ryb3Bib3gvUGFwZXJzL1F1YW50dW0gV2Fsa3Mgd2l0aCBOb24tQWJlbGlhbiBBbnlvbnM7IExlaG1hbiwgWmF0bG91a2FsLCBCcmVubmVuLCs7IDIwMTEucGRmAAATAAEvAAAVAAIAD///AACABtIbHB0eWiRjbGFzc25hbWVYJGNsYXNzZXNdTlNNdXRhYmxlRGF0YaMdHyBWTlNEYXRhWE5TT2JqZWN00hscIiNcTlNEaWN0aW9uYXJ5oiIgXxAPTlNLZXllZEFyY2hpdmVy0SYnVHJvb3SAAQAIABEAGgAjAC0AMgA3AEAARgBNAFUAYABnAGoAbABuAHEAcwB1AHcAhACOAOgA7QD1A0cDSQNOA1kDYgNwA3QDewOEA4kDlgOZA6sDrgOzAAAAAAAAAgEAAAAAAAAAKAAAAAAAAAAAAAAAAAAAA7U=},
	Bdsk-Url-1 = {http://dx.doi.org/10.1103/PhysRevLett.106.230404}}

@article{Landon-Cardinal2012a,
	Abstract = {We study the robustness of quantum information stored in the degenerate ground space of a local, frustration-free Hamiltonian with commuting terms on a {2D} spin lattice. On one hand, a macroscopic energy barrier separating the distinct ground states under local transformations would protect the information from thermal fluctuations. On the other hand, local topological order would shield the ground space from static perturbations. Here we demonstrate that local topological order implies a constant energy barrier, thus inhibiting thermal stability.},
	Author = {Landon-Cardinal, Olivier and Poulin, David},
	Journal = {Phys. Rev. Lett.},
	Keywords = {Topological phase; Topological QC},
	Pages = {090502},
	Title = {Local topological order inhibits thermal stability in {2D}},
	Url = {http://arxiv.org/abs/1209.5750},
	Volume = {110},
	Year = {2013},
	Bdsk-Url-1 = {http://arxiv.org/abs/1209.5750}}

@article{Haah2012a,
	Author = {Haah, Jeongwan and Preskill, John},
	Date-Added = {2013-10-20 02:52:29 +0000},
	Date-Modified = {2013-10-20 02:52:29 +0000},
	Doi = {10.1103/PhysRevA.86.032308},
	Eprint = {1011.3529},
	Issue = {3},
	Journal = {Phys. Rev. A},
	Month = {Sep},
	Numpages = {11},
	Pages = {032308},
	Title = {Logical-operator tradeoff for local quantum codes},
	Volume = {86},
	Year = {2012},
	Bdsk-File-1 = {YnBsaXN0MDDUAQIDBAUGJCVYJHZlcnNpb25YJG9iamVjdHNZJGFyY2hpdmVyVCR0b3ASAAGGoKgHCBMUFRYaIVUkbnVsbNMJCgsMDxJXTlMua2V5c1pOUy5vYmplY3RzViRjbGFzc6INDoACgAOiEBGABIAFgAdccmVsYXRpdmVQYXRoWWFsaWFzRGF0YV8QVS4uL1BhcGVycy9Mb2dpY2FsLW9wZXJhdG9yIHRyYWRlb2ZmIGZvciBsb2NhbCBxdWFudHVtIGNvZGVzOyBIYWFoLCBQcmVza2lsbDsgMjAxMi5wZGbSFwsYGVdOUy5kYXRhTxECSAAAAAACSAACAAAHRXVyZWthIQAAAAAAAAAAAAAAAAAAAAAAAAAA0J4djUgrAAAAHMOLH0xvZ2ljYWwtb3BlcmF0b3IgdHJhIzFDQzUxRS5wZGYAAAAAAAAAAAAAAAAAAAAAAAAAAAAAAAAAAAAAAAAAAAAcxR7OcfRTAAAAAAAAAAAAAQACAAAJIAAAAAAAAAAAAAAAAAAAAAZQYXBlcnMAEAAIAADQnYLdAAAAEQAIAADOcWezAAAAAQAQABzDiwAcdKMAHAgQABwH/AACAElFdXJla2EhOlVzZXJzOgBzZmxhbW1pYToARHJvcGJveDoAUGFwZXJzOgBMb2dpY2FsLW9wZXJhdG9yIHRyYSMxQ0M1MUUucGRmAAAOAJgASwBMAG8AZwBpAGMAYQBsAC0AbwBwAGUAcgBhAHQAbwByACAAdAByAGEAZABlAG8AZgBmACAAZgBvAHIAIABsAG8AYwBhAGwAIABxAHUAYQBuAHQAdQBtACAAYwBvAGQAZQBzADsAIABIAGEAYQBoACwAIABQAHIAZQBzAGsAaQBsAGwAOwAgADIAMAAxADIALgBwAGQAZgAPABAABwBFAHUAcgBlAGsAYQAhABIAaVVzZXJzL3NmbGFtbWlhL0Ryb3Bib3gvUGFwZXJzL0xvZ2ljYWwtb3BlcmF0b3IgdHJhZGVvZmYgZm9yIGxvY2FsIHF1YW50dW0gY29kZXM7IEhhYWgsIFByZXNraWxsOyAyMDEyLnBkZgAAEwABLwAAFQACAA///wAAgAbSGxwdHlokY2xhc3NuYW1lWCRjbGFzc2VzXU5TTXV0YWJsZURhdGGjHR8gVk5TRGF0YVhOU09iamVjdNIbHCIjXE5TRGljdGlvbmFyeaIiIF8QD05TS2V5ZWRBcmNoaXZlctEmJ1Ryb290gAEACAARABoAIwAtADIANwBAAEYATQBVAGAAZwBqAGwAbgBxAHMAdQB3AIQAjgDmAOsA8wM/A0EDRgNRA1oDaANsA3MDfAOBA44DkQOjA6YDqwAAAAAAAAIBAAAAAAAAACgAAAAAAAAAAAAAAAAAAAOt},
	Bdsk-Url-1 = {http://dx.doi.org/10.1103/PhysRevA.86.032308}}

@article{Bravyi2009,
	Abstract = {We study properties of stabilizer codes that permit a local description on a regular D-dimensional lattice. Specifically, we assume that the stabilizer group of a code (the gauge group for subsystem codes) can be generated by local Pauli operators such that the support of any generator is bounded by a hypercube of size O(1). Our first result concerns the optimal scaling of the distance d with the linear size of the lattice L. We prove an upper bound d=O(LD-1) which is tight for D=1, 2. This bound applies to both subspace and subsystem stabilizer codes. Secondly, we analyze the suitability of stabilizer codes for building a self-correcting quantum memory. Any stabilizer code with geometrically local generators can be naturally transformed to a local Hamiltonian penalizing states that violate the stabilizer condition. A degenerate ground state of this Hamiltonian corresponds to the logical subspace of the code. We prove that for D=1, 2, different logical states can be mapped into each other by a sequence of single-qubit Pauli errors such that the energy of all intermediate states is upper bounded by a constant independent of the lattice size L. The same result holds if there are unused logical qubits that are treated as 'gauge qubits'. It demonstrates that a self-correcting quantum memory cannot be built using stabilizer codes in dimensions D=1, 2. This result is in sharp contrast with the existence of a classical self-correcting memory in the form of a two-dimensional (2D) ferromagnet. Our results leave open the possibility for a self-correcting quantum memory based on 2D subsystem codes or on 3D subspace or subsystem codes.},
	Archiveprefix = {arXiv},
	Author = {Bravyi, Sergey and Terhal, Barbara},
	Date-Added = {2013-10-20 02:52:19 +0000},
	Date-Modified = {2013-10-20 02:52:19 +0000},
	Doi = {10.1088/1367-2630/11/4/043029},
	Eprint = {0810.1983},
	Journal = {New J. Phys.},
	Number = {4},
	Pages = {043029},
	Title = {A no-go theorem for a two-dimensional self-correcting quantum memory based on stabilizer codes},
	Volume = {11},
	Year = {2009},
	Bdsk-File-1 = {YnBsaXN0MDDUAQIDBAUGJCVYJHZlcnNpb25YJG9iamVjdHNZJGFyY2hpdmVyVCR0b3ASAAGGoKgHCBMUFRYaIVUkbnVsbNMJCgsMDxJXTlMua2V5c1pOUy5vYmplY3RzViRjbGFzc6INDoACgAOiEBGABIAFgAdccmVsYXRpdmVQYXRoWWFsaWFzRGF0YV8QXS4uL1BhcGVycy9uby1nbyB0aGVvcmVtIGZvciB0d28tZGltZW5zaW9uYWwgc2VsZi1jb3JyZWN0aW5nIHF1YW50dW07IEJyYXZ5aSwgVGVyaGFsOyAyMDA5LnBkZtIXCxgZV05TLmRhdGFPEQJgAAAAAAJgAAIAAAdFdXJla2EhAAAAAAAAAAAAAAAAAAAAAAAAAADQnh2NSCsAAAAcw4sfbm8tZ28gdGhlb3JlbSBmb3IgdHcjMUNDNzEyLnBkZgAAAAAAAAAAAAAAAAAAAAAAAAAAAAAAAAAAAAAAAAAAABzHEsZXmvAAAAAAAAAAAAABAAIAAAkgAAAAAAAAAAAAAAAAAAAABlBhcGVycwAQAAgAANCdgt0AAAARAAgAAMZXDlAAAAABABAAHMOLABx0owAcCBAAHAf8AAIASUV1cmVrYSE6VXNlcnM6AHNmbGFtbWlhOgBEcm9wYm94OgBQYXBlcnM6AG5vLWdvIHRoZW9yZW0gZm9yIHR3IzFDQzcxMi5wZGYAAA4AqABTAG4AbwAtAGcAbwAgAHQAaABlAG8AcgBlAG0AIABmAG8AcgAgAHQAdwBvAC0AZABpAG0AZQBuAHMAaQBvAG4AYQBsACAAcwBlAGwAZgAtAGMAbwByAHIAZQBjAHQAaQBuAGcAIABxAHUAYQBuAHQAdQBtADsAIABCAHIAYQB2AHkAaQAsACAAVABlAHIAaABhAGwAOwAgADIAMAAwADkALgBwAGQAZgAPABAABwBFAHUAcgBlAGsAYQAhABIAcVVzZXJzL3NmbGFtbWlhL0Ryb3Bib3gvUGFwZXJzL25vLWdvIHRoZW9yZW0gZm9yIHR3by1kaW1lbnNpb25hbCBzZWxmLWNvcnJlY3RpbmcgcXVhbnR1bTsgQnJhdnlpLCBUZXJoYWw7IDIwMDkucGRmAAATAAEvAAAVAAIAD///AACABtIbHB0eWiRjbGFzc25hbWVYJGNsYXNzZXNdTlNNdXRhYmxlRGF0YaMdHyBWTlNEYXRhWE5TT2JqZWN00hscIiNcTlNEaWN0aW9uYXJ5oiIgXxAPTlNLZXllZEFyY2hpdmVy0SYnVHJvb3SAAQAIABEAGgAjAC0AMgA3AEAARgBNAFUAYABnAGoAbABuAHEAcwB1AHcAhACOAO4A8wD7A18DYQNmA3EDegOIA4wDkwOcA6EDrgOxA8MDxgPLAAAAAAAAAgEAAAAAAAAAKAAAAAAAAAAAAAAAAAAAA80=},
	Bdsk-File-2 = {YnBsaXN0MDDUAQIDBAUGJCVYJHZlcnNpb25YJG9iamVjdHNZJGFyY2hpdmVyVCR0b3ASAAGGoKgHCBMUFRYaIVUkbnVsbNMJCgsMDxJXTlMua2V5c1pOUy5vYmplY3RzViRjbGFzc6INDoACgAOiEBGABIAFgAdccmVsYXRpdmVQYXRoWWFsaWFzRGF0YV8QXi4uL1BhcGVycy9uby1nbyB0aGVvcmVtIGZvciB0d28tZGltZW5zaW9uYWwgc2VsZi1jb3JyZWN0aW5nIHF1YW50dW07IEJyYXZ5aSwgVGVyaGFsOyAyMDA5YS5wZGbSFwsYGVdOUy5kYXRhTxECYgAAAAACYgACAAAHRXVyZWthIQAAAAAAAAAAAAAAAAAAAAAAAAAA0J4djUgrAAAAHMOLH25vLWdvIHRoZW9yZW0gZm9yIHR3IzFDQzcxMy5wZGYAAAAAAAAAAAAAAAAAAAAAAAAAAAAAAAAAAAAAAAAAAAAcxxPFNgHUAAAAAAAAAAAAAQACAAAJIAAAAAAAAAAAAAAAAAAAAAZQYXBlcnMAEAAIAADQnYLdAAAAEQAIAADFNWckAAAAAQAQABzDiwAcdKMAHAgQABwH/AACAElFdXJla2EhOlVzZXJzOgBzZmxhbW1pYToARHJvcGJveDoAUGFwZXJzOgBuby1nbyB0aGVvcmVtIGZvciB0dyMxQ0M3MTMucGRmAAAOAKoAVABuAG8ALQBnAG8AIAB0AGgAZQBvAHIAZQBtACAAZgBvAHIAIAB0AHcAbwAtAGQAaQBtAGUAbgBzAGkAbwBuAGEAbAAgAHMAZQBsAGYALQBjAG8AcgByAGUAYwB0AGkAbgBnACAAcQB1AGEAbgB0AHUAbQA7ACAAQgByAGEAdgB5AGkALAAgAFQAZQByAGgAYQBsADsAIAAyADAAMAA5AGEALgBwAGQAZgAPABAABwBFAHUAcgBlAGsAYQAhABIAclVzZXJzL3NmbGFtbWlhL0Ryb3Bib3gvUGFwZXJzL25vLWdvIHRoZW9yZW0gZm9yIHR3by1kaW1lbnNpb25hbCBzZWxmLWNvcnJlY3RpbmcgcXVhbnR1bTsgQnJhdnlpLCBUZXJoYWw7IDIwMDlhLnBkZgATAAEvAAAVAAIAD///AACABtIbHB0eWiRjbGFzc25hbWVYJGNsYXNzZXNdTlNNdXRhYmxlRGF0YaMdHyBWTlNEYXRhWE5TT2JqZWN00hscIiNcTlNEaWN0aW9uYXJ5oiIgXxAPTlNLZXllZEFyY2hpdmVy0SYnVHJvb3SAAQAIABEAGgAjAC0AMgA3AEAARgBNAFUAYABnAGoAbABuAHEAcwB1AHcAhACOAO8A9AD8A2IDZANpA3QDfQOLA48DlgOfA6QDsQO0A8YDyQPOAAAAAAAAAgEAAAAAAAAAKAAAAAAAAAAAAAAAAAAAA9A=},
	Bdsk-Url-1 = {http://stacks.iop.org/1367-2630/11/043029}}

@article{Einarsson1995,
	Author = {Einarsson, Torbj\"{o}rn},
	Date-Added = {2013-10-20 02:52:10 +0000},
	Date-Modified = {2013-10-20 02:52:10 +0000},
	Doi = {10.1103/PhysRevLett.64.1995},
	Issue = {17},
	Journal = {Phys. Rev. Lett.},
	Month = {Apr},
	Pages = {1995--1998},
	Title = {Fractional statistics on a torus},
	Volume = {64},
	Year = {1990},
	Bdsk-Url-1 = {http://link.aps.org/doi/10.1103/PhysRevLett.64.1995},
	Bdsk-Url-2 = {http://dx.doi.org/10.1103/PhysRevLett.64.1995}}

@article{Wen1990,
	Author = {Wen, X. G. and Niu, Q.},
	Date-Added = {2013-10-20 02:52:06 +0000},
	Date-Modified = {2013-10-20 02:52:06 +0000},
	Doi = {10.1103/PhysRevB.41.9377},
	Issue = {13},
	Journal = {Phys. Rev. B},
	Month = {May},
	Pages = {9377--9396},
	Title = {Ground-state degeneracy of the fractional quantum {H}all states in the presence of a random potential and on high-genus {R}iemann surfaces},
	Volume = {41},
	Year = {1990},
	Bdsk-Url-1 = {http://link.aps.org/doi/10.1103/PhysRevB.41.9377},
	Bdsk-Url-2 = {http://dx.doi.org/10.1103/PhysRevB.41.9377}}

@book{Wilczek1990,
	Address = {Singapore},
	Author = {Wilczek, F.},
	Date-Added = {2013-10-20 02:52:03 +0000},
	Date-Modified = {2013-10-20 02:52:03 +0000},
	Publisher = {World Scientific},
	Title = {Fractional Statistics and Anyon Superconductivity},
	Year = {1990}}

@article{Freedman2006,
	Author = {Freedman, Michael and Nayak, Chetan and Walker, Kevin},
	Date-Added = {2013-10-20 02:51:39 +0000},
	Date-Modified = {2013-10-20 02:51:39 +0000},
	Doi = {10.1103/PhysRevB.73.245307},
	Eprint = {cond-mat/0512066},
	Issue = {24},
	Journal = {Phys. Rev. B},
	Month = {Jun},
	Numpages = {21},
	Pages = {245307},
	Publisher = {American Physical Society},
	Title = {Towards universal topological quantum computation in the {$\nu =\frac{5}{2}$} fractional quantum {H}all state},
	Url = {http://link.aps.org/doi/10.1103/PhysRevB.73.245307},
	Volume = {73},
	Year = {2006},
	Bdsk-Url-1 = {http://link.aps.org/doi/10.1103/PhysRevB.73.245307},
	Bdsk-Url-2 = {http://dx.doi.org/10.1103/PhysRevB.73.245307}}

@article{Nayak1996,
	Author = {Chetan Nayak and Frank Wilczek},
	Date-Added = {2013-10-20 02:51:35 +0000},
	Date-Modified = {2013-10-20 02:51:35 +0000},
	Doi = {10.1016/0550-3213(96)00430-0},
	Eprint = {cond-mat/9605145},
	Journal = {Nucl. Phys. B},
	Number = {3},
	Pages = {529--553},
	Title = {{$2n$}-quasihole states realize {$2n-1$}-dimensional spinor braiding statistics in paired quantum {H}all states},
	Volume = {479},
	Year = {1996},
	Bdsk-File-1 = {YnBsaXN0MDDUAQIDBAUGJCVYJHZlcnNpb25YJG9iamVjdHNZJGFyY2hpdmVyVCR0b3ASAAGGoKgHCBMUFRYaIVUkbnVsbNMJCgsMDxJXTlMua2V5c1pOUy5vYmplY3RzViRjbGFzc6INDoACgAOiEBGABIAFgAdccmVsYXRpdmVQYXRoWWFsaWFzRGF0YW8QZAAuAC4ALwBQAGEAcABlAHIAcwAvACQAMgBuACQALQBxAHUAYQBzAGkAaABvAGwAZQAgAHMAdABhAHQAZQBzACAAcgBlAGEAbABpAHoAZQAgACQAMgBuIhIAMQAkAC0AZABpAG0AZQBuAHMAaQBvAG4AYQBsACAAcwBwAGkAbgBvAHIAIABiAHIAYQBpAGQAaQBuAGcAOwAgAE4AYQB5AGEAawAsACAAVwBpAGwAYwB6AGUAawA7ACAAMQA5ADkANgAuAHAAZABm0hcLGBlXTlMuZGF0YU8RAnYAAAAAAnYAAgAAB0V1cmVrYSEAAAAAAAAAAAAAAAAAAAAAAAAAANCeHY1IKwAAABzDix8kMm4kLXF1YXNpaG9sZSBzdGF0ZSMxQ0MzOEMucGRmAAAAAAAAAAAAAAAAAAAAAAAAAAAAAAAAAAAAAAAAAAAAHMOMzadRTAAAAAAAAAAAAAEAAgAACSAAAAAAAAAAAAAAAAAAAAAGUGFwZXJzABAACAAA0J2C3QAAABEACAAAzabErAAAAAEAEAAcw4sAHHSjABwIEAAcB/wAAgBJRXVyZWthITpVc2VyczoAc2ZsYW1taWE6AERyb3Bib3g6AFBhcGVyczoAJDJuJC1xdWFzaWhvbGUgc3RhdGUjMUNDMzhDLnBkZgAADgC2AFoAJAAyAG4AJAAtAHEAdQBhAHMAaQBoAG8AbABlACAAcwB0AGEAdABlAHMAIAByAGUAYQBsAGkAegBlACAAJAAyAG4iEgAxACQALQBkAGkAbQBlAG4AcwBpAG8AbgBhAGwAIABzAHAAaQBuAG8AcgAgAGIAcgBhAGkAZABpAG4AZwA7ACAATgBhAHkAYQBrACwAIABXAGkAbABjAHoAZQBrADsAIAAxADkAOQA2AC4AcABkAGYADwAQAAcARQB1AHIAZQBrAGEAIQASAHpVc2Vycy9zZmxhbW1pYS9Ecm9wYm94L1BhcGVycy8kMm4kLXF1YXNpaG9sZSBzdGF0ZXMgcmVhbGl6ZSAkMm7iiJIxJC1kaW1lbnNpb25hbCBzcGlub3IgYnJhaWRpbmc7IE5heWFrLCBXaWxjemVrOyAxOTk2LnBkZgATAAEvAAAVAAIAD///AACABtIbHB0eWiRjbGFzc25hbWVYJGNsYXNzZXNdTlNNdXRhYmxlRGF0YaMdHyBWTlNEYXRhWE5TT2JqZWN00hscIiNcTlNEaWN0aW9uYXJ5oiIgXxAPTlNLZXllZEFyY2hpdmVy0SYnVHJvb3SAAQAIABEAGgAjAC0AMgA3AEAARgBNAFUAYABnAGoAbABuAHEAcwB1AHcAhACOAVkBXgFmA+AD4gPnA/ID+wQJBA0EFAQdBCIELwQyBEQERwRMAAAAAAAAAgEAAAAAAAAAKAAAAAAAAAAAAAAAAAAABE4=},
	Bdsk-Url-1 = {http://www.sciencedirect.com/science/article/pii/0550321396004300},
	Bdsk-Url-2 = {http://dx.doi.org/10.1016/0550-3213(96)00430-0}}

@article{Nayak2008,
	Archiveprefix = {arXiv},
	Author = {Nayak, Chetan and Simon, Steven H. and Stern, Ady and Freedman, Michael and Das Sarma, Sankar},
	Date-Added = {2013-10-20 02:51:35 +0000},
	Date-Modified = {2013-10-21 07:03:01 +0000},
	Doi = {10.1103/RevModPhys.80.1083},
	Eprint = {0707.1889},
	Journal = {Rev. Mod. Phys.},
	Keywords = {information theory; quantum computing; quantum Hall effect; quantum statistical mechanics; superconductivity; topology},
	Number = {3},
	Numpages = {77},
	Pages = {1083},
	Title = {Non-{A}belian anyons and topological quantum computation},
	Volume = {80},
	Year = {2008},
	Bdsk-File-1 = {YnBsaXN0MDDUAQIDBAUGJCVYJHZlcnNpb25YJG9iamVjdHNZJGFyY2hpdmVyVCR0b3ASAAGGoKgHCBMUFRYaIVUkbnVsbNMJCgsMDxJXTlMua2V5c1pOUy5vYmplY3RzViRjbGFzc6INDoACgAOiEBGABIAFgAdccmVsYXRpdmVQYXRoWWFsaWFzRGF0YV8QYS4uL1BhcGVycy9Ob24tQWJlbGlhbiBhbnlvbnMgYW5kIHRvcG9sb2dpY2FsIHF1YW50dW0gY29tcHV0YXRpb247IE5heWFrLCBTaW1vbiwgU3Rlcm4sKzsgMjAwOC5wZGbSFwsYGVdOUy5kYXRhTxECbAAAAAACbAACAAAHRXVyZWthIQAAAAAAAAAAAAAAAAAAAAAAAAAA0J4djUgrAAAAHMOLH05vbi1BYmVsaWFuIGFueW9ucyBhIzFDQzU1OS5wZGYAAAAAAAAAAAAAAAAAAAAAAAAAAAAAAAAAAAAAAAAAAAAcxVnFswnxAAAAAAAAAAAAAQACAAAJIAAAAAAAAAAAAAAAAAAAAAZQYXBlcnMAEAAIAADQnYLdAAAAEQAIAADFsm9BAAAAAQAQABzDiwAcdKMAHAgQABwH/AACAElFdXJla2EhOlVzZXJzOgBzZmxhbW1pYToARHJvcGJveDoAUGFwZXJzOgBOb24tQWJlbGlhbiBhbnlvbnMgYSMxQ0M1NTkucGRmAAAOALAAVwBOAG8AbgAtAEEAYgBlAGwAaQBhAG4AIABhAG4AeQBvAG4AcwAgAGEAbgBkACAAdABvAHAAbwBsAG8AZwBpAGMAYQBsACAAcQB1AGEAbgB0AHUAbQAgAGMAbwBtAHAAdQB0AGEAdABpAG8AbgA7ACAATgBhAHkAYQBrACwAIABTAGkAbQBvAG4ALAAgAFMAdABlAHIAbgAsACsAOwAgADIAMAAwADgALgBwAGQAZgAPABAABwBFAHUAcgBlAGsAYQAhABIAdVVzZXJzL3NmbGFtbWlhL0Ryb3Bib3gvUGFwZXJzL05vbi1BYmVsaWFuIGFueW9ucyBhbmQgdG9wb2xvZ2ljYWwgcXVhbnR1bSBjb21wdXRhdGlvbjsgTmF5YWssIFNpbW9uLCBTdGVybiwrOyAyMDA4LnBkZgAAEwABLwAAFQACAA///wAAgAbSGxwdHlokY2xhc3NuYW1lWCRjbGFzc2VzXU5TTXV0YWJsZURhdGGjHR8gVk5TRGF0YVhOU09iamVjdNIbHCIjXE5TRGljdGlvbmFyeaIiIF8QD05TS2V5ZWRBcmNoaXZlctEmJ1Ryb290gAEACAARABoAIwAtADIANwBAAEYATQBVAGAAZwBqAGwAbgBxAHMAdQB3AIQAjgDyAPcA/wNvA3EDdgOBA4oDmAOcA6MDrAOxA74DwQPTA9YD2wAAAAAAAAIBAAAAAAAAACgAAAAAAAAAAAAAAAAAAAPd},
	Bdsk-Url-1 = {http://dx.doi.org/10.1103/RevModPhys.80.1083}}

@article{Moore1991,
	Author = {Gregory Moore and Nicholas Read},
	Date-Added = {2013-10-20 02:51:25 +0000},
	Date-Modified = {2013-10-20 02:51:25 +0000},
	Doi = {10.1016/0550-3213(91)90407-O},
	Journal = {Nucl. Phys. B},
	Number = {2--3},
	Pages = {362 - 396},
	Title = {Nonabelions in the fractional quantum {H}all effect},
	Volume = {360},
	Year = {1991},
	Bdsk-Url-1 = {http://www.sciencedirect.com/science/article/pii/055032139190407O},
	Bdsk-Url-2 = {http://dx.doi.org/10.1016/0550-3213(91)90407-O}}

@article{Willett1987,
	Author = {Willett, R. and Eisenstein, J. P. and St\"ormer, H. L. and Tsui, D. C. and Gossard, A. C. and English, J. H.},
	Date-Added = {2013-10-20 02:51:11 +0000},
	Date-Modified = {2013-10-20 02:51:11 +0000},
	Doi = {10.1103/PhysRevLett.59.1776},
	Issue = {15},
	Journal = {Phys. Rev. Lett.},
	Month = {Oct},
	Pages = {1776--1779},
	Title = {Observation of an even-denominator quantum number in the fractional quantum {H}all effect},
	Volume = {59},
	Year = {1987},
	Bdsk-Url-1 = {http://dx.doi.org/10.1103/PhysRevLett.59.1776}}

@article{Michalakis2013,
	Archiveprefix = {arXiv},
	Author = {Michalakis, Spyridon and Zwolak, Justyna P.},
	Date-Added = {2013-10-20 02:51:07 +0000},
	Date-Modified = {2013-10-20 02:51:07 +0000},
	Doi = {10.1007/s00220-013-1762-6},
	Eprint = {1109.1588},
	Journal = {Comm. Math. Phys.},
	Number = {2},
	Pages = {277--302},
	Title = {Stability of Frustration-Free {H}amiltonians},
	Volume = {322},
	Year = {2013},
	Bdsk-Url-1 = {http://dx.doi.org/10.1007/s00220-013-1762-6}}

@article{Bravyi2011a,
	Abstract = {Recently, the stability of certain topological phases of matter under weak
perturbations was proven. Here, we present a short, alternate proof of the same
result. We consider models of topological quantum order for which the
unperturbed Hamiltonian \$H\_0\$ can be written as a sum of local pairwise
commuting projectors on a \$D\$-dimensional lattice. We consider a perturbed
Hamiltonian \$H=H\_0+V\$ involving a generic perturbation \$V\$ that can be written
as a sum of short-range bounded-norm interactions. We prove that if the
strength of \$V\$ is below a constant threshold value then \$H\$ has well-defined
spectral bands originating from the low-lying eigenvalues of \$H\_0\$. These bands
are separated from the rest of the spectrum and from each other by a constant
gap. The width of the band originating from the smallest eigenvalue of \$H\_0\$
decays faster than any power of the lattice size.},
	Author = {Bravyi, S. and Hastings, M. B.},
	Date-Added = {2013-10-20 02:51:01 +0000},
	Date-Modified = {2013-10-20 02:51:01 +0000},
	Doi = {10.1007/s00220-011-1346-2},
	Eprint = {arXiv:1001.4363},
	Journal = {Comm. Math. Phys.},
	Month = {Jan},
	Number = {3},
	Pages = {609--627},
	Title = {A short proof of stability of topological order under local perturbations},
	Volume = {307},
	Year = {2011},
	Bdsk-Url-1 = {http://arxiv.org/abs/1001.4363}}

@article{Bombin2006,
	Author = {Bombin, H. and Martin-Delgado, M. A.},
	Date-Added = {2013-10-20 02:50:35 +0000},
	Date-Modified = {2013-10-20 02:50:35 +0000},
	Doi = {10.1103/PhysRevLett.97.180501},
	Eprint = {quant-ph/0605138},
	Issue = {18},
	Journal = {Phys. Rev. Lett.},
	Month = {Oct},
	Pages = {180501},
	Title = {Topological Quantum Distillation},
	Volume = {97},
	Year = {2006},
	Bdsk-Url-1 = {http://link.aps.org/doi/10.1103/PhysRevLett.97.180501},
	Bdsk-Url-2 = {http://dx.doi.org/10.1103/PhysRevLett.97.180501}}

@article{Bonesteel2012,
	Archiveprefix = {arXiv},
	Author = {Bonesteel, N. E. and DiVincenzo, D. P.},
	Date-Added = {2013-10-20 02:50:35 +0000},
	Date-Modified = {2013-10-20 02:50:35 +0000},
	Doi = {10.1103/PhysRevB.86.165113},
	Eprint = {1206.6048},
	Issue = {16},
	Journal = {Phys. Rev. B},
	Month = {Oct},
	Numpages = {10},
	Pages = {165113},
	Title = {Quantum circuits for measuring {L}evin-{W}en operators},
	Volume = {86},
	Year = {2012},
	Bdsk-Url-1 = {http://dx.doi.org/10.1103/PhysRevB.86.165113}}

@article{Bravyi1998,
	Abstract = {A new type of local-check additive quantum code is presented. Qubits are associated with edges of a 2-dimensional lattice whereas the stabilizer operators correspond to the faces and the vertices. The boundary of the lattice consists of alternating pieces with two different types of boundary conditions. Logical operators are described in terms of relative homology groups.},
	Author = {Bravyi, S. B. and Kitaev, A. Yu.},
	Date-Added = {2013-10-20 02:50:35 +0000},
	Date-Modified = {2013-10-20 02:50:35 +0000},
	Eprint = {quant-ph/9811052},
	Title = {Quantum codes on a lattice with boundary},
	Url = {http://arxiv.org/abs/quant-ph/9811052},
	Year = {1998},
	Bdsk-Url-1 = {http://arxiv.org/abs/quant-ph/9811052}}

@article{Bravyi2010,
	Abstract = {We study zero-temperature stability of topological phases of matter under
weak time-independent perturbations. Our results apply to quantum spin
Hamiltonians that can be written as a sum of geometrically local commuting
projectors on a D-dimensional lattice with certain topological order
conditions. Given such a Hamiltonian H\_0 we prove that there exists a constant
threshold \epsilon\&gt;0 such that for any perturbation V representable as a sum of
short-range bounded-norm interactions the perturbed Hamiltonian H=H\_0+\epsilon
V has well-defined spectral bands originating from O(1) smallest eigenvalues of
H\_0. These bands are separated from the rest of the spectrum and from each
other by a constant gap. The band originating from the smallest eigenvalue of
H\_0 has exponentially small width (as a function of the lattice size).


Our proof exploits a discrete version of Hamiltonian flow equations, the
theory of relatively bounded operators, and the Lieb-Robinson bound.},
	Archiveprefix = {arXiv},
	Author = {Bravyi, Sergey and Hastings, Matthew and Michalakis, Spyridon},
	Date-Added = {2013-10-20 02:49:26 +0000},
	Date-Modified = {2014-12-03 07:13:35 +0000},
	Doi = {10.1063/1.3490195},
	Eprint = {1001.0344},
	Journal = {J. Math. Phys.},
	Month = {Jan},
	Pages = {093512},
	Title = {Topological quantum order: stability under local perturbations},
	Volume = {51},
	Year = {2010},
	Bdsk-Url-1 = {http://arxiv.org/abs/1001.0344}}

@article{Bravyi2010a,
	Archiveprefix = {arXiv},
	Author = {Bravyi, Sergey and Poulin, David and Terhal, Barbara},
	Date-Added = {2013-10-20 02:49:26 +0000},
	Date-Modified = {2013-10-20 02:49:26 +0000},
	Doi = {10.1103/PhysRevLett.104.050503},
	Eprint = {0909.5200},
	Issue = {5},
	Journal = {Phys. Rev. Lett.},
	Month = {Feb},
	Numpages = {4},
	Pages = {050503},
	Title = {Tradeoffs for Reliable Quantum Information Storage in 2D Systems},
	Volume = {104},
	Year = {2010},
	Bdsk-Url-1 = {http://dx.doi.org/10.1103/PhysRevLett.104.050503}}

@article{Wootton2013,
	Archiveprefix = {arXiv},
	Author = {Wootton, James R and Burri, Jan and Iblisdir, Sofyan and Loss, Daniel},
	Date-Modified = {2014-12-04 05:40:23 +0000},
	Doi = {10.1103/PhysRevX.4.011051},
	Eprint = {1310.3846},
	Journal = {Phys. Rev. X},
	Pages = {011051},
	Title = {Decoding non-{A}belian topological quantum memories},
	Volume = {4},
	Year = {2014},
	Bdsk-Url-1 = {http://dx.doi.org/10.1103/PhysRevX.4.011051}}

@article{Rowell2009,
	Archiveprefix = {arXiv},
	Author = {Rowell, Eric and Stong, Richard and Wang, Zhenghan},
	Date-Modified = {2013-10-21 07:26:06 +0000},
	Doi = {10.1007/s00220-009-0908-z},
	Eprint = {0712.1377},
	Journal = {Comm. Math. Phys.},
	Pages = {343-389},
	Title = {On Classification of Modular Tensor Categories},
	Volume = {292},
	Year = {2009},
	Bdsk-Url-1 = {http://dx.doi.org/10.1007/s00220-009-0908-z}}

@article{Bravyi2006b,
	Archiveprefix = {arXiv},
	Author = {Bravyi, Sergey},
	Date-Modified = {2013-10-21 07:15:11 +0000},
	Doi = {10.1103/PhysRevA.73.042313},
	Eprint = {quant-ph/0511178},
	Journal = {Phys. Rev. A},
	Month = {Apr},
	Pages = {042313},
	Title = {Universal quantum computation with the {$\nu = \frac{5}{2}$} fractional quantum {H}all state},
	Volume = {73},
	Year = {2006},
	Bdsk-Url-1 = {http://dx.doi.org/10.1103/PhysRevA.73.042313}}

@article{Birman1969,
	Author = {Birman, Joan S.},
	Doi = {10.1002/cpa.3160220104},
	Journal = {Comm. Pure App. Math.},
	Number = {1},
	Pages = {41--72},
	Title = {On braid groups},
	Volume = {22},
	Year = {1969},
	Bdsk-Url-1 = {http://dx.doi.org/10.1002/cpa.3160220104}}

@article{Pfeifer2012,
	Archiveprefix = {arXiv},
	Author = {Pfeifer, Robert N. C. and Buerschaper, Oliver and Trebst, Simon and Ludwig, Andreas W. W. and Troyer, Matthias and Vidal, Guifre},
	Date-Modified = {2013-10-21 07:32:50 +0000},
	Doi = {10.1103/PhysRevB.86.155111},
	Eprint = {1005.5486},
	Journal = {Phys. Rev. B},
	Month = {Oct},
	Pages = {155111},
	Title = {Translation invariance, topology, and protection of criticality in chains of interacting anyons},
	Volume = {86},
	Year = {2012},
	Bdsk-Url-1 = {http://dx.doi.org/10.1103/PhysRevB.86.155111}}

@article{Hatsugai1992,
	Author = {Hatsugai, Yasuhiro and Kohmoto, Mahito and Wu, Yong-Shi},
	Doi = {10.1143/PTPS.107.101},
	Journal = {Prog. Theor. Phys. Supp.},
	Pages = {101-119},
	Title = {Braid Groups, Anyons and Gauge Invariance: On Topologically Nontrivial Surfaces},
	Volume = {107},
	Year = {1992},
	Bdsk-Url-1 = {http://dx.doi.org/10.1143/PTPS.107.101}}

@article{Dennis2002,
	Archiveprefix = {arXiv},
	Author = {Dennis, Eric and Kitaev, Alexei and Landahl, Andrew and Preskill, John},
	Date-Modified = {2013-10-21 07:25:04 +0000},
	Doi = {10.1063/1.1499754},
	Eprint = {quant-ph/0110143},
	Journal = {J. Math. Phys.},
	Number = {9},
	Pages = {4452-4505},
	Title = {Topological quantum memory},
	Volume = {43},
	Year = {2002},
	Bdsk-Url-1 = {http://dx.doi.org/10.1063/1.1499754}}

@article{Fan2010,
	Archiveprefix = {arXiv},
	Author = {Fan, Z. and de Garis, H.},
	Date-Modified = {2013-10-21 07:33:31 +0000},
	Doi = {10.1140/epjb/e2010-00087-4},
	Eprint = {1003.1253},
	Journal = {Euro. Phys. J. B},
	Number = {3},
	Pages = {419-427},
	Title = {Braid matrices and quantum gates for {I}sing anyons topological quantum computation},
	Volume = {74},
	Year = {2010},
	Bdsk-Url-1 = {http://dx.doi.org/10.1140/epjb/e2010-00087-4}}

@article{Ahlbrecht2009,
	Archiveprefix = {arXiv},
	Author = {Andre Ahlbrecht and Lachezar S. Georgiev and Reinhard F. Werner},
	Date-Modified = {2013-10-21 07:34:06 +0000},
	Doi = {10.1103/PhysRevA.79.032311},
	Eprint = {0812.2338},
	Journal = {Phys. Rev. A},
	Pages = {032311},
	Title = {{Implementation of Clifford gates in the Ising-anyon topological quantum computer}},
	Volume = {79},
	Year = {2009},
	Bdsk-Url-1 = {http://arxiv.org/abs/0812.2338},
	Bdsk-Url-2 = {http://dx.doi.org/10.1103/PhysRevA.79.032311}}


@inproceedings{Gottesman1998,
	Address = {Cambridge, MA},
	Archiveprefix = {arXiv},
	Author = {Gottesman, Daniel},
	Booktitle = {{Group22: Proceedings of the XXII International Colloquium on Group Theoretical Methods in Physics}},
	Date-Modified = {2013-10-21 07:44:35 +0000},
	Editor = {Corney, S.~P. and Delbourgo, R. and Jarvis, P.~D.},
	Eprint = {quant-ph/9807006},
	Pages = {32--43},
	Publisher = {International Press},
	Title = {The {H}eisenberg Representation of Quantum Computers},
	Year = {1999}}

@article{Gottesman1999a,
	Archiveprefix = {arXiv},
	Author = {Gottesman, Daniel},
	Date-Modified = {2013-10-21 07:37:07 +0000},
	Doi = {10.1016/S0960-0779(98)00218-5},
	Eprint = {quant-ph/9802007},
	Journal = {Chaos, Solitons and Fractals},
	Pages = {1749},
	Title = {Fault-Tolerant Quantum Computation with Higher-Dimensional Systems},
	Volume = {10},
	Year = {1999},
	Bdsk-Url-1 = {http://dx.doi.org/10.1016/S0960-0779(98)00218-5}}

@article{Van-den-Nest2012,
	Archiveprefix = {arXiv},
	Author = {{Van den Nest}, M.},
	Date-Modified = {2013-10-21 07:37:34 +0000},
	Eprint = {1201.4867},
	Title = {Efficient classical simulations of quantum {F}ourier transforms and normalizer circuits over {A}belian groups},
	Year = {2012}}

@article{Bermejo-Vega2012,
	Archiveprefix = {arXiv},
	Author = {Bermejo-Vega, Juan and Nest, Maarten Van den},
	Date-Modified = {2013-10-21 07:38:04 +0000},
	Eprint = {1210.3637},
	Title = {{A Gottesman-Knill theorem for all finite Abelian groups}},
	Year = {2012}}

@article{Blume-Kohout2008,
	Archiveprefix = {arXiv},
	Author = {Blume-Kohout, Robin and Ng, Hui Khoon and Poulin, David and Viola, Lorenza},
	Date-Modified = {2013-10-21 07:38:27 +0000},
	Doi = {10.1103/PhysRevLett.100.030501},
	Eprint = {0705.4282},
	Journal = {Phys. Rev. Lett.},
	Month = {Jan},
	Pages = {030501},
	Title = {Characterizing the Structure of Preserved Information in Quantum Processes},
	Volume = {100},
	Year = {2008},
	Bdsk-Url-1 = {http://dx.doi.org/10.1103/PhysRevLett.100.030501}}

@article{Blume-Kohout2010b,
	Archiveprefix = {arXiv},
	Author = {Blume-Kohout, Robin and Ng, Hui Khoon and Poulin, David and Viola, Lorenza},
	Date-Modified = {2013-10-21 07:38:50 +0000},
	Doi = {10.1103/PhysRevA.82.062306},
	Eprint = {1006.1358},
	Journal = {Phys. Rev. A},
	Month = {Dec},
	Pages = {062306},
	Title = {Information-preserving structures: A general framework for quantum zero-error information},
	Volume = {82},
	Year = {2010},
	Bdsk-Url-1 = {http://dx.doi.org/10.1103/PhysRevA.82.062306}}

@article{Bravyi2011,
	Abstract = {A big open question in the quantum information theory
                   concerns feasibility of a self-correcting quantum
                   memory. A quantum state recorded in such memory can
                   be stored reliably for a macroscopic time without
                   need for active error correction if the memory is put
                   in contact with a cold enough thermal bath. In this
                   paper we derive a rigorous lower bound on the memory
                   time $T_{mem}$ of the 3D Cubic Code model which was
                   recently conjectured to have a self-correcting
                   behavior. Assuming that dynamics of the memory system
                   can be described by a Markovian master equation of
                   Davies form, we prove that $T_{mem}\ge L^{c\beta}$
                   for some constant $c>0$, where $L$ is the lattice
                   size and $\beta$ is the inverse temperature of the
                   bath. However, this bound applies only if the lattice
                   size does not exceed certain critical value $L^*\sim
                   e^{\beta/3}$. We also report a numerical Monte Carlo
                   simulation of the studied memory indicating that our
                   analytic bounds on $T_{mem}$ are tight up to constant
                   coefficients. In order to model the readout step we
                   introduce a new decoding algorithm which might be of
                   independent interest. Our decoder can be implemented
                   efficiently for any topological stabilizer code and
                   has a constant error threshold under random
                   uncorrelated errors.},
	Archiveprefix = {arXiv},
	Author = {Sergey Bravyi and Jeongwan Haah},
	Date-Modified = {2014-12-04 05:43:00 +0000},
	Doi = {10.1103/PhysRevLett.111.200501},
	Eprint = {1112.3252},
	Journal = {Phys. Rev. Lett.},
	Pages = {200501},
	Title = {{A}nalytic and numerical demonstration of quantum self-correction in the 3{D} {C}ubic {C}ode},
	Url = {http://arxiv.org/abs/1112.3252},
	Volume = {111},
	Year = {2013},
	Bdsk-Url-1 = {http://arxiv.org/abs/1112.3252}}

@article{Duclos-Cianci2010,
	Abstract = {We present a family of algorithms, combining
                   real-space renormalization methods and belief
                   propagation, to estimate the free energy of a
                   topologically ordered system in the presence of
                   defects. Such an algorithm is needed to preserve the
                   quantum information stored in the ground space of a
                   topologically ordered system and to decode
                   topological error-correcting codes. For a system of
                   linear size L, our algorithm runs in time log L
                   compared to L^6 needed for the minimum-weight perfect
                   matching algorithm previously used in this context
                   and achieves a higher depolarizing error threshold.},
	Archiveprefix = {arXiv},
	Author = {Guillaume Duclos-Cianci and David Poulin},
	Date-Modified = {2013-10-21 07:40:22 +0000},
	Doi = {10.1103/PhysRevLett.104.050504},
	Eprint = {0911.0581},
	Journal = {Phys. Rev. Lett.},
	Pages = {050504},
	Title = {Fast Decoders for Topological Quantum Codes},
	Volume = {104},
	Year = {2010},
	Bdsk-Url-1 = {http://arxiv.org/abs/0911.0581}}

@inproceedings{Duclos-Cianci2010a,
	Archiveprefix = {arXiv},
	Author = {Duclos-Cianci, G. and Poulin, D.},
	Booktitle = {Information Theory Workshop (ITW), 2010 IEEE},
	Date-Modified = {2013-10-21 07:40:50 +0000},
	Doi = {10.1109/CIG.2010.5592866},
	Eprint = {1006.1362},
	Pages = {1-5},
	Title = {A renormalization group decoding algorithm for topological quantum codes},
	Year = {2010},
	Bdsk-Url-1 = {http://dx.doi.org/10.1109/CIG.2010.5592866}}

@article{Duclos-Cianci2013,
	Abstract = {We present a three-dimensional generalization of a
                   renormalization group decoding algorithm for
                   topological codes with Abelian anyonic excitations
                   that we previously introduced for two dimensions.
                   This 3D implementation extends our previous 2D
                   algorithm by incorporating a failure probability of
                   the syndrome measurements, i.e., it enables
                   fault-tolerant decoding. We report a fault-tolerant
                   storage threshold of 1.9(4)% for Kitaev's toric code
                   subject to a 3D bit-flip channel (i.e. including
                   imperfect syndrome measurements). This number is to
                   be compared with the 2.9% value obtained via perfect
                   matching. The 3D generalization inherits many
                   properties of the 2D algorithm, including a
                   complexity linear in the space-time volume of the
                   memory, which can be parallelized to logarithmic
                   time.},
	Archiveprefix = {arXiv},
	Author = {Guillaume Duclos-Cianci and David Poulin},
	Date-Modified = {2015-05-06 08:52:33 +0000},
	Eprint = {1304.6100},
	Journal = {Quant. Inf. Comput.},
	Month = {04},
	Title = {Fault-Tolerant Renormalization Group Decoder for {A}belian Topological Codes},
	Year = {2013},
	Bdsk-Url-1 = {http://arxiv.org/abs/1304.6100}}

@article{Edmonds1965,
	Author = {Jack Edmonds},
	Doi = {10.4153/CJM-1965-045-4},
	Journal = {Canad. J. Math.},
	Pages = {449--467},
	Title = {Paths, trees, and flowers},
	Volume = {17},
	Year = {1965},
	Bdsk-Url-1 = {http://dx.doi.org/10.4153/CJM-1965-045-4}}

@inproceedings{Micali1980,
	Author = {Micali, S. and Vazirani, V.},
	Booktitle = {Proc. 21st Ann. Symp. Found. Comp. Sci.},
	Doi = {10.1109/SFCS.1980.12},
	Pages = {17--27},
	Publisher = {IEEE},
	Title = {An {$O(\sqrt{|V|} |E|)$} algorithm for finding maximum matching in general graphs},
	Year = {1980},
	Bdsk-Url-1 = {http://dx.doi.org/10.1109/SFCS.1980.12}}

@article{Kitaev2003,
	Archiveprefix = {arXiv},
	Author = {Kitaev, A. Yu.},
	Date-Modified = {2013-10-21 07:20:54 +0000},
	Doi = {10.1016/S0003-4916(02)00018-0},
	Eprint = {quant-ph/9707021},
	Journal = {Ann. Phys.},
	Number = {1},
	Pages = {2--30},
	Title = {Fault-tolerant quantum computation by anyons},
	Volume = {303},
	Year = {2003},
	Bdsk-Url-1 = {http://dx.doi.org/10.1016/S0003-4916(02)00018-0}}

@inproceedings{Karp1972,
	Address = {New York},
	Author = {Richard M. Karp},
	Booktitle = {Complexity of Computer Computations, Proc. Sympos. IBM Thomas J. Watson Res. Center},
	Doi = {10.1007/978-1-4684-2001-2_9},
	Pages = {85--103},
	Publisher = {Plenum},
	Title = {Reducibility Among Combinatorial Problems},
	Year = {1972},
	Bdsk-Url-1 = {http://dx.doi.org/10.1007/978-1-4684-2001-2_9}}

@article{Wang2010a,
	Archiveprefix = {arXiv},
	Author = {Wang, David S and Fowler, Austin G and Hill, Charles D and Hollenberg, Lloyd C. L.},
	Date-Modified = {2015-05-06 11:03:35 +0000},
	Eprint = {0907.1708},
	Journal = {Quant. Inf. Comput.},
	Number = {9},
	Pages = {780--802},
	Publisher = {Rinton Press, Incorporated},
	Title = {Graphical algorithms and threshold error rates for the 2d color code},
	Volume = {10},
	Year = {2010}}

@article{Wang2010,
	Archiveprefix = {arXiv},
	Author = {D. S. Wang and A. G. Fowler and A. M. Stephens and L. C. L. Hollenberg},
	Date-Modified = {2013-10-21 07:25:33 +0000},
	Eprint = {0905.0531},
	Journal = {Quant. Inf. Comput.},
	Pages = {456},
	Title = {Threshold error rates for the toric and surface codes},
	Volume = {10},
	Year = {2010}}

@article{Fowler2012,
	Archiveprefix = {arXiv},
	Author = {Fowler, Austin G. and Whiteside, Adam C. and Hollenberg, Lloyd C. L.},
	Date-Modified = {2013-10-21 07:42:20 +0000},
	Doi = {10.1103/PhysRevLett.108.180501},
	Eprint = {1110.5133},
	Journal = {Phys. Rev. Lett.},
	Month = {May},
	Pages = {180501},
	Title = {Towards Practical Classical Processing for the Surface Code},
	Volume = {108},
	Year = {2012},
	Bdsk-Url-1 = {http://link.aps.org/doi/10.1103/PhysRevLett.108.180501},
	Bdsk-Url-2 = {http://dx.doi.org/10.1103/PhysRevLett.108.180501}}

@article{Kolmogorov2009,
	Author = {Kolmogorov, Vladimir},
	Doi = {10.1007/s12532-009-0002-8},
	Issn = {1867-2949},
	Journal = {Mathematical Programming Computation},
	Number = {1},
	Pages = {43-67},
	Publisher = {Springer-Verlag},
	Title = {Blossom {V}: a new implementation of a minimum cost perfect matching algorithm},
	Url = {http://dx.doi.org/10.1007/s12532-009-0002-8},
	Volume = {1},
	Year = {2009},
	Bdsk-Url-1 = {http://dx.doi.org/10.1007/s12532-009-0002-8}}

@article{Bazant2000,
	Archiveprefix = {arXiv},
	Author = {Bazant, Martin Z.},
	Date-Modified = {2014-12-04 05:41:50 +0000},
	Doi = {10.1103/PhysRevE.62.1660},
	Eprint = {cond-mat/9905191},
	Issue = {2},
	Journal = {Phys. Rev. E},
	Month = {Aug},
	Numpages = {0},
	Pages = {1660--1669},
	Publisher = {American Physical Society},
	Title = {Largest cluster in subcritical percolation},
	Url = {http://link.aps.org/doi/10.1103/PhysRevE.62.1660},
	Volume = {62},
	Year = {2000},
	Bdsk-Url-1 = {http://link.aps.org/doi/10.1103/PhysRevE.62.1660},
	Bdsk-Url-2 = {http://dx.doi.org/10.1103/PhysRevE.62.1660}}

@book{Kassel2010,
  title={Braid Groups},
  author={Kassel, C. and Dodane, O. and Turaev, V.},
  isbn={9781441922205},
  series={Graduate Texts in Mathematics},
  url={http://books.google.com.au/books?id=G3WlcQAACAAJ},
  year={2010},
  publisher={Springer New York}
}

@incollection{Abramsky2007,
  title={Temperley-Lieb algebra: from knot theory to logic and computation via quantum mechanics},
  author={Abramsky, Samson},
booktitle={Mathematics of Quantum Computing and Technology},
editor={G. Chen, L. Kauffman and S. Lomonaco},
publisher={Taylor \& Francis},
pages={415--458},
year={2007}
}

@book{Ghrist2014,
  title={Elementary applied topology},
  author={Ghrist, Robert},
  year={2014},
  publisher={Createspace}
}

@incollection{Ivanov2001,
  booktitle={Handbook of Geometric Topology},
  title={Mapping Class Groups},
  author={Nikolai V. Ivanov},
  editor={Sher, R.B. and Daverman, R.J.},
  isbn={9780080532851},
  url={http://books.google.com.au/books?id=8OYxdADnhZoC},
  year={2001},
  publisher={Elsevier Science},
  pages = {523--633}
}




@misc{Bombin06,
Author = {H. Bombin and M. A. Martin-Delgado},
Title = {Homological Error Correction: Classical and Quantum Codes},
Year = {2006},
Eprint = {arXiv:quant-ph/0605094},
Howpublished = {J.Math.Phys.48:052105,2007},
Doi = {10.1063/1.2731356},
}


@misc{Freedman13,
Author = {M. H. Freedman and M. B. Hastings},
Title = {Quantum Systems on Non-$k$-Hyperfinite Complexes: A Generalization of Classical Statistical Mechanics on Expander Graphs},
Year = {2013},
Eprint = {arXiv:1301.1363},
}

@misc{Freedman02,
Author = {Michael H. Freedman and David A. Meyer and Feng Luo},
Year = {2002}, 
Title = {$\mathbb{Z}_2$-systolic freedom and quantum codes},
XXXSeries={Mathematics of quantum computation},
XXXJournal={Comput. Math. Ser.},
XXXWherepublished={Boca Raton, FL},
XXXPublisher={Chapman \& Hall/CRC},
XXXPages = {287-320},
}



@book{Massey,
Author = {William S. Massey},
Title = {A Basic Course in Algebraic Topology},
}





@book{Fulton2013,
  title={Representation theory: a first course},
  author={Fulton, William and Harris, Joe},
  volume={129},
  year={2013},
  publisher={Springer Science \& Business Media}
}


@article{Bombin2007exact,
  title={Exact topological quantum order in D= 3 and beyond: Branyons and brane-net condensates},
  author={Bombin, H and Martin-Delgado, MA},
  journal={Physical Review B},
  volume={75},
  number={7},
  pages={075103},
  year={2007},
  publisher={APS}
}

@article{Hernandez2005,
   author  = "Vicente Hernandez and Jose E. Roman and Vicente Vidal",
   title   = "{SLEPc}: A scalable and flexible toolkit for the solution of eigenvalue problems",
   journal = "{ACM} Trans. Math. Software",
   volume  = "31",
   number  = "3",
   pages   = "351--362",
   year    = "2005"
}

@article{Dorier2005,
  title={Quantum compass model on the square lattice},
  author={Dorier, Julien and Becca, Federico and Mila, Frederic},
  journal={Physical Review B},
  volume={72},
  number={2},
  pages={024448},
  year={2005},
  publisher={APS}
}

@article{Artin1947,
  title={Theory of braids},
  author={Artin, Emil},
  journal={Annals of Mathematics},
  pages={101--126},
  year={1947},
  publisher={JSTOR}
}

@article{Birman1974,
  title={Braids, links and mapping class groups},
  author={Birman, J},
  journal={Annals of Math. Studies},
  volume={82},
  year={1974}
}

@book{Farb2011,
  title={A Primer on Mapping Class Groups (PMS-49)},
  author={Farb, Benson and Margalit, Dan},
  year={2011},
  publisher={Princeton University Press}
}






@article{Elsner1982,
  title={On the effect of the perturbation of a nonnegative matrix on its Perron eigenvector},
  author={Elsner, Ludwig F and Johnson, Christopher R and Neumann, M},
  journal={Czechoslovak Mathematical Journal},
  volume={32},
  number={1},
  pages={99--109},
  year={1982},
  publisher={Institute of Mathematics, Academy of Sciences of the Czech Republic}
}

@article{Meyer1988,
  title={Derivatives and perturbations of eigenvectors},
  author={Meyer, Carl D and Stewart, Gilbert W},
  journal={SIAM Journal on Numerical Analysis},
  volume={25},
  number={3},
  pages={679--691},
  year={1988},
  publisher={SIAM}
}

@article{Movassagh2016,
  title={Generic local Hamiltonians are gapless},
  author={Movassagh, Ramis},
  journal={arXiv preprint arXiv:1606.09313},
  year={2016}
}

@book{Cvetkovic1980,
   title =     {Spectra of graphs. Theory and application},
   author =    {Dragos M. Cvetkovic, Michael Doob, Horst Sachs},
   publisher = {Academic Press},
   isbn =      {9780121951504,0121951502},
   year =      {1980},
   series =    {Pure and Applied Mathematics},
   edition =   {3rd Revised},
}

@article{Lin2011,
  title={Ricci curvature of graphs},
  author={Lin, Yong and Lu, Linyuan and Yau, Shing-Tung and others},
  journal={Tohoku Mathematical Journal},
  volume={63},
  number={4},
  pages={605--627},
  year={2011},
  publisher={Tohoku University}
}



@article{McKay2014,
    title = "Practical graph isomorphism, \{II\} ",
    journal = "Journal of Symbolic Computation ",
    volume = "60",
    number = "0",
    pages = "94 - 112",
    year = "2014",
    note = "",
    issn = "0747-7171",
    doi = "http://dx.doi.org/10.1016/j.jsc.2013.09.003",
    url = "http://www.sciencedirect.com/science/article/pii/S0747717113001193",
    author = "Brendan D. McKay and Adolfo Piperno"
}

@article{Jarret2015modulus,
  title={Modulus of continuity eigenvalue bounds for homogeneous graphs and convex subgraphs with applications to quantum Hamiltonians},
  author={Jarret, Michael and Jordan, Stephen P},
  journal={arXiv preprint arXiv:1506.08475},
  year={2015}
}

@article{Jarret2014,
  title={The fundamental gap for a class of Schr{\"o}dinger operators on path and hypercube graphs},
  author={Jarret, Michael and Jordan, Stephen P},
  journal={Journal of Mathematical Physics},
  volume={55},
  number={5},
  pages={052104},
  year={2014},
  publisher={AIP Publishing}
}

@article{Baume2016,
  title={Spectral graph theory with applications to quantum adiabatic optimization},
  author={Baume, Michael Jarret},
  year={2016}
}

@article{Andrews2011,
  title={Proof of the fundamental gap conjecture},
  author={Andrews, Ben and Clutterbuck, Julie},
  journal={Journal of the American Mathematical Society},
  volume={24},
  number={3},
  pages={899--916},
  year={2011}
}

@article{Wen1991,
  title={Mean-field theory of spin-liquid states with finite energy gap and topological orders},
  author={Wen, Xiao-Gang},
  journal={Physical Review B},
  volume={44},
  number={6},
  pages={2664},
  year={1991},
  publisher={APS}
}


